Row ID,Order ID,Order Date,Ship Date,Ship Mode,Segment,Country,City,State,Postal Code,Region,Category,Sales,Quantity,Discount,Profit
1,CA-2016-152156,11-08-2016,11-11-2016,Second Class,Consumer,United States,Henderson,Kentucky,42420,South,Furniture,261.96,2,0,41.9136
2,CA-2016-152156,11-08-2016,11-11-2016,Second Class,Consumer,United States,Henderson,Kentucky,42420,South,Furniture,731.94,3,0,219.582
4,US-2015-108966,10-11-2015,10/18/2015,Standard Class,Consumer,United States,Fort Lauderdale,Florida,33311,South,Furniture,957.5775,5,0.45,-383.031
6,CA-2014-115812,06-09-2014,6/14/2014,Standard Class,Consumer,United States,Los Angeles,California,90032,West,Furniture,48.86,7,0,14.1694
11,CA-2014-115812,06-09-2014,6/14/2014,Standard Class,Consumer,United States,Los Angeles,California,90032,West,Furniture,1706.184,9,0.2,85.3092
24,US-2017-156909,7/16/2017,7/18/2017,Second Class,Consumer,United States,Philadelphia,Pennsylvania,19140,East,Furniture,71.372,2,0.3,-1.0196
25,CA-2015-106320,9/25/2015,9/30/2015,Standard Class,Consumer,United States,Orem,Utah,84057,West,Furniture,1044.63,3,0,240.2649
28,US-2015-150630,9/17/2015,9/21/2015,Standard Class,Consumer,United States,Philadelphia,Pennsylvania,19140,East,Furniture,3083.43,7,0.5,-1665.0522
30,US-2015-150630,9/17/2015,9/21/2015,Standard Class,Consumer,United States,Philadelphia,Pennsylvania,19140,East,Furniture,124.2,3,0.2,15.525
37,CA-2016-117590,12-08-2016,12-10-2016,First Class,Corporate,United States,Richardson,Texas,75080,Central,Furniture,190.92,5,0.6,-147.963
39,CA-2015-117415,12/27/2015,12/31/2015,Standard Class,Home Office,United States,Houston,Texas,77041,Central,Furniture,532.3992,3,0.32,-46.9764
40,CA-2015-117415,12/27/2015,12/31/2015,Standard Class,Home Office,United States,Houston,Texas,77041,Central,Furniture,212.058,3,0.3,-15.147
52,CA-2015-115742,4/18/2015,4/22/2015,Standard Class,Consumer,United States,New Albany,Indiana,47150,Central,Furniture,6.16,2,0,2.9568
53,CA-2015-115742,4/18/2015,4/22/2015,Standard Class,Consumer,United States,New Albany,Indiana,47150,Central,Furniture,89.99,1,0,17.0981
58,CA-2016-111682,6/17/2016,6/18/2016,First Class,Consumer,United States,Troy,New York,12180,East,Furniture,319.41,5,0.1,7.098
66,CA-2015-135545,11/24/2015,11/30/2015,Standard Class,Consumer,United States,Los Angeles,California,90004,West,Furniture,79.76,4,0,22.3328
67,US-2015-164175,4/30/2015,05-05-2015,Standard Class,Home Office,United States,Chicago,Illinois,60610,Central,Furniture,213.115,5,0.3,-15.2225
73,US-2015-134026,4/26/2015,05-02-2015,Standard Class,Consumer,United States,Memphis,Tennessee,38109,South,Furniture,831.936,8,0.2,-114.3912
74,US-2015-134026,4/26/2015,05-02-2015,Standard Class,Consumer,United States,Memphis,Tennessee,38109,South,Furniture,97.04,2,0.2,1.213
77,US-2017-118038,12-09-2017,12-11-2017,First Class,Corporate,United States,Houston,Texas,77041,Central,Furniture,9.708,3,0.6,-5.8248
79,US-2014-147606,11/26/2014,12-01-2014,Second Class,Consumer,United States,Houston,Texas,77070,Central,Furniture,19.3,5,0.6,-14.475
86,CA-2017-140088,5/28/2017,5/30/2017,Second Class,Consumer,United States,Columbia,South Carolina,29203,South,Furniture,301.96,2,0,33.2156
94,CA-2015-149587,1/31/2015,02-05-2015,Second Class,Consumer,United States,Minneapolis,Minnesota,55407,Central,Furniture,53.34,3,0,16.5354
97,CA-2017-161018,11-09-2017,11-11-2017,Second Class,Home Office,United States,New York City,New York,10009,East,Furniture,96.53,7,0,40.5426
105,US-2015-156867,11/13/2015,11/17/2015,Standard Class,Consumer,United States,Aurora,Colorado,80013,West,Furniture,102.36,3,0.2,-3.8385
111,CA-2017-146780,12/25/2017,12/30/2017,Standard Class,Corporate,United States,New York City,New York,10035,East,Furniture,41.96,2,0,10.9096
118,CA-2015-110457,03-02-2015,03-06-2015,Standard Class,Consumer,United States,Seattle,Washington,98103,West,Furniture,787.53,3,0,165.3813
120,CA-2016-103730,06-12-2016,6/15/2016,First Class,Consumer,United States,Wilmington,Delaware,19805,East,Furniture,47.04,3,0,18.3456
125,US-2014-152030,12/26/2014,12/28/2014,Second Class,Home Office,United States,Houston,Texas,77041,Central,Furniture,600.558,3,0.3,-8.5794
126,US-2014-134614,9/20/2014,9/25/2014,Standard Class,Consumer,United States,Bloomington,Illinois,61701,Central,Furniture,617.7,6,0.5,-407.682
129,US-2016-125969,11-06-2016,11-10-2016,Second Class,Home Office,United States,Los Angeles,California,90004,West,Furniture,81.424,2,0.2,-9.1602
130,US-2016-125969,11-06-2016,11-10-2016,Second Class,Home Office,United States,Los Angeles,California,90004,West,Furniture,238.56,3,0,26.2416
140,CA-2016-145583,10/13/2016,10/19/2016,Standard Class,Consumer,United States,Roseville,California,95661,West,Furniture,43.12,14,0,20.6976
141,CA-2016-110366,09-05-2016,09-07-2016,Second Class,Corporate,United States,Philadelphia,Pennsylvania,19140,East,Furniture,82.8,2,0.2,10.35
147,CA-2014-110072,10/22/2014,10/28/2014,Standard Class,Home Office,United States,Newark,Ohio,43055,East,Furniture,93.888,4,0.2,12.9096
150,CA-2016-114489,12-05-2016,12-09-2016,Standard Class,Corporate,United States,Franklin,Wisconsin,53132,Central,Furniture,1951.84,8,0,585.552
158,CA-2014-104269,03-01-2014,03-06-2014,Second Class,Consumer,United States,Seattle,Washington,98115,West,Furniture,457.568,2,0.2,51.4764
168,CA-2014-139892,09-08-2014,09-12-2014,Standard Class,Consumer,United States,San Antonio,Texas,78207,Central,Furniture,1740.06,9,0.3,-24.858
174,CA-2014-118962,08-05-2014,08-09-2014,Standard Class,Consumer,United States,Los Angeles,California,90004,West,Furniture,340.144,7,0.2,21.259
178,US-2015-101511,11/21/2015,11/23/2015,Second Class,Consumer,United States,Newark,Ohio,43055,East,Furniture,396.802,7,0.3,-11.3372
190,CA-2015-102281,10-12-2015,10/14/2015,First Class,Home Office,United States,New York City,New York,10035,East,Furniture,899.136,4,0.2,112.392
193,CA-2015-102281,10-12-2015,10/14/2015,First Class,Home Office,United States,New York City,New York,10035,East,Furniture,626.352,3,0.2,46.9764
202,CA-2014-133690,08-03-2014,08-05-2014,First Class,Consumer,United States,Denver,Colorado,80219,West,Furniture,218.75,2,0.5,-161.875
205,CA-2017-126382,06-03-2017,06-07-2017,Standard Class,Corporate,United States,Franklin,Tennessee,37064,South,Furniture,35.168,7,0.2,9.6712
214,CA-2015-146262,01-02-2015,01-09-2015,Standard Class,Corporate,United States,Medina,Ohio,44256,East,Furniture,452.45,5,0.5,-244.323
223,CA-2015-169397,12/24/2015,12/27/2015,First Class,Consumer,United States,Dublin,Ohio,43017,East,Furniture,72.704,4,0.2,19.0848
227,CA-2015-163055,08-09-2015,8/16/2015,Standard Class,Corporate,United States,Detroit,Michigan,48227,Central,Furniture,622.45,5,0,136.939
229,US-2015-145436,2/28/2015,03-04-2015,Standard Class,Consumer,United States,Columbia,Tennessee,38401,South,Furniture,161.568,2,0.2,-28.2744
230,US-2015-145436,2/28/2015,03-04-2015,Standard Class,Consumer,United States,Columbia,Tennessee,38401,South,Furniture,389.696,8,0.2,43.8408
232,US-2017-100930,04-07-2017,04-12-2017,Standard Class,Home Office,United States,Tampa,Florida,33614,South,Furniture,233.86,2,0.45,-102.048
233,US-2017-100930,04-07-2017,04-12-2017,Standard Class,Home Office,United States,Tampa,Florida,33614,South,Furniture,620.6145,3,0.45,-248.2458
235,US-2017-100930,04-07-2017,04-12-2017,Standard Class,Home Office,United States,Tampa,Florida,33614,South,Furniture,258.072,3,0.2,0
239,CA-2016-157749,06-04-2016,06-09-2016,Second Class,Consumer,United States,Chicago,Illinois,60610,Central,Furniture,419.68,5,0.6,-356.728
240,CA-2016-157749,06-04-2016,06-09-2016,Second Class,Consumer,United States,Chicago,Illinois,60610,Central,Furniture,11.688,3,0.6,-4.6752
242,CA-2016-157749,06-04-2016,06-09-2016,Second Class,Consumer,United States,Chicago,Illinois,60610,Central,Furniture,177.225,5,0.5,-120.513
243,CA-2016-157749,06-04-2016,06-09-2016,Second Class,Consumer,United States,Chicago,Illinois,60610,Central,Furniture,4.044,3,0.6,-2.8308
245,CA-2014-131926,06-01-2014,06-06-2014,Second Class,Home Office,United States,Lakeville,Minnesota,55044,Central,Furniture,2001.86,7,0,580.5394
250,CA-2016-154739,12-10-2016,12/15/2016,Second Class,Consumer,United States,San Francisco,California,94109,West,Furniture,321.568,2,0.2,28.1372
255,US-2015-159982,11/28/2015,12-04-2015,Standard Class,Corporate,United States,Chicago,Illinois,60623,Central,Furniture,12.132,9,0.6,-8.4924
273,CA-2015-155334,7/30/2015,7/31/2015,First Class,Consumer,United States,San Francisco,California,94109,West,Furniture,5.28,3,0,2.3232
283,CA-2015-130890,11-02-2015,11-06-2015,Standard Class,Consumer,United States,Los Angeles,California,90004,West,Furniture,1038.84,5,0.2,51.942
293,CA-2016-110772,11/20/2016,11/24/2016,Second Class,Home Office,United States,Columbus,Ohio,43229,East,Furniture,86.97,3,0.5,-48.7032
294,CA-2014-111451,12/26/2014,12/28/2014,First Class,Corporate,United States,Colorado Springs,Colorado,80906,West,Furniture,300.416,8,0.2,78.8592
295,CA-2014-111451,12/26/2014,12/28/2014,First Class,Corporate,United States,Colorado Springs,Colorado,80906,West,Furniture,230.352,3,0.2,20.1558
296,CA-2014-111451,12/26/2014,12/28/2014,First Class,Corporate,United States,Colorado Springs,Colorado,80906,West,Furniture,218.352,3,0.2,-24.5646
302,CA-2016-142545,10/28/2016,11-03-2016,Standard Class,Corporate,United States,Belleville,New Jersey,7109,East,Furniture,77.6,4,0,38.024
304,US-2017-152380,11/19/2017,11/23/2017,Standard Class,Consumer,United States,Chicago,Illinois,60623,Central,Furniture,219.075,3,0.5,-131.445
305,CA-2015-144253,05-04-2015,05-09-2015,Second Class,Corporate,United States,New York City,New York,10024,East,Furniture,26.8,2,0,12.864
310,CA-2016-142902,09-12-2016,9/14/2016,Second Class,Corporate,United States,Arvada,Colorado,80004,West,Furniture,15.136,4,0.2,3.5948
311,CA-2016-142902,09-12-2016,9/14/2016,Second Class,Corporate,United States,Arvada,Colorado,80004,West,Furniture,466.768,2,0.2,52.5114
312,CA-2016-142902,09-12-2016,9/14/2016,Second Class,Corporate,United States,Arvada,Colorado,80004,West,Furniture,15.232,1,0.2,1.7136
314,CA-2014-120887,9/27/2014,10-03-2014,Standard Class,Corporate,United States,Hackensack,New Jersey,7601,East,Furniture,87.54,3,0,37.6422
318,CA-2014-164973,11-04-2014,11-09-2014,Standard Class,Home Office,United States,New York City,New York,10024,East,Furniture,135.882,1,0.1,24.1568
326,CA-2017-153339,11-03-2017,11-05-2017,Second Class,Corporate,United States,Murfreesboro,Tennessee,37130,South,Furniture,15.992,1,0.2,0.9995
329,US-2016-141544,8/30/2016,09-01-2016,First Class,Consumer,United States,Philadelphia,Pennsylvania,19143,East,Furniture,786.744,4,0.3,-258.5016
339,CA-2014-129924,07-12-2014,7/17/2014,Standard Class,Corporate,United States,San Francisco,California,94122,West,Furniture,698.352,3,0.2,-17.4588
355,CA-2016-138520,04-08-2016,4/13/2016,Standard Class,Consumer,United States,New York City,New York,10035,East,Furniture,388.704,6,0.2,-4.8588
363,CA-2017-144904,9/25/2017,10-01-2017,Standard Class,Consumer,United States,New York City,New York,10009,East,Furniture,488.646,3,0.1,86.8704
365,CA-2017-144904,9/25/2017,10-01-2017,Standard Class,Consumer,United States,New York City,New York,10009,East,Furniture,47.12,8,0,20.7328
370,CA-2016-155516,10/21/2016,10/21/2016,Same Day,Corporate,United States,Manchester,Connecticut,6040,East,Furniture,1043.92,4,0,271.4192
378,US-2017-134481,8/27/2017,09-01-2017,Standard Class,Corporate,United States,Franklin,Massachusetts,2038,East,Furniture,1488.424,7,0.3,-297.6848
385,US-2015-168935,11/27/2015,12-02-2015,Standard Class,Consumer,United States,Pembroke Pines,Florida,33024,South,Furniture,375.4575,3,0.45,-157.0095
388,CA-2015-122756,12-03-2015,12-07-2015,Standard Class,Corporate,United States,Philadelphia,Pennsylvania,19140,East,Furniture,2.96,1,0.2,0.777
400,CA-2016-108987,09-08-2016,09-10-2016,Second Class,Consumer,United States,Houston,Texas,77036,Central,Furniture,2396.2656,4,0.32,-317.1528
409,CA-2017-117457,12-08-2017,12-12-2017,Standard Class,Consumer,United States,San Francisco,California,94110,West,Furniture,1004.024,7,0.2,-112.9527
413,CA-2017-117457,12-08-2017,12-12-2017,Standard Class,Consumer,United States,San Francisco,California,94110,West,Furniture,1336.829,13,0.15,31.4548
414,CA-2017-117457,12-08-2017,12-12-2017,Standard Class,Consumer,United States,San Francisco,California,94110,West,Furniture,113.568,2,0.2,-18.4548
416,CA-2017-142636,11-03-2017,11-07-2017,Standard Class,Corporate,United States,Seattle,Washington,98105,West,Furniture,307.136,4,0.2,26.8744
418,CA-2016-148796,4/14/2016,4/18/2016,Standard Class,Consumer,United States,Los Angeles,California,90004,West,Furniture,383.8,5,0.2,38.38
423,CA-2017-125388,10/19/2017,10/23/2017,Standard Class,Corporate,United States,Lawrence,Massachusetts,1841,East,Furniture,56.56,4,0,14.7056
425,CA-2017-155705,8/21/2017,8/23/2017,Second Class,Consumer,United States,Jackson,Mississippi,39212,South,Furniture,866.4,4,0,225.264
426,CA-2017-149160,11/23/2017,11/26/2017,Second Class,Corporate,United States,Canton,Michigan,48187,Central,Furniture,28.4,2,0,11.076
440,CA-2017-157252,1/20/2017,1/23/2017,Second Class,Corporate,United States,New York City,New York,10024,East,Furniture,207.846,3,0.1,2.3094
441,CA-2016-115756,09-05-2016,09-07-2016,Second Class,Consumer,United States,Detroit,Michigan,48227,Central,Furniture,12.22,1,0,3.666
445,CA-2016-115756,09-05-2016,09-07-2016,Second Class,Consumer,United States,Detroit,Michigan,48227,Central,Furniture,242.94,3,0,29.1528
447,CA-2017-154214,3/20/2017,3/25/2017,Second Class,Consumer,United States,Columbus,Indiana,47201,Central,Furniture,2.91,1,0,1.3677
454,CA-2017-147277,10/20/2017,10/24/2017,Standard Class,Corporate,United States,Akron,Ohio,44312,East,Furniture,284.364,2,0.4,-75.8304
457,US-2014-110674,02-12-2014,2/18/2014,Standard Class,Consumer,United States,Concord,California,94521,West,Furniture,129.568,2,0.2,-24.294
458,US-2016-157945,9/26/2016,10-01-2016,Standard Class,Consumer,United States,Decatur,Illinois,62521,Central,Furniture,747.558,3,0.3,-96.1146
463,CA-2016-109869,4/22/2016,4/29/2016,Standard Class,Home Office,United States,Phoenix,Arizona,85023,West,Furniture,23.56,5,0.2,7.068
464,CA-2016-109869,4/22/2016,4/29/2016,Standard Class,Home Office,United States,Phoenix,Arizona,85023,West,Furniture,1272.63,6,0.5,-814.4832
468,US-2015-101399,1/17/2015,1/24/2015,Standard Class,Home Office,United States,Park Ridge,Illinois,60068,Central,Furniture,254.744,7,0.6,-312.0614
469,CA-2017-154907,3/31/2017,04-04-2017,Standard Class,Corporate,United States,Amarillo,Texas,79109,Central,Furniture,205.3328,2,0.32,-36.2352
473,CA-2014-144666,11-09-2014,11-11-2014,Second Class,Consumer,United States,San Francisco,California,94110,West,Furniture,222.666,2,0.15,10.4784
479,CA-2016-152632,10/27/2016,11-02-2016,Standard Class,Consumer,United States,Troy,New York,12180,East,Furniture,40.2,3,0,19.296
486,CA-2017-140963,06-10-2017,6/13/2017,First Class,Home Office,United States,Los Angeles,California,90045,West,Furniture,514.165,5,0.15,-30.245
495,US-2016-120929,3/18/2016,3/21/2016,Second Class,Consumer,United States,Memphis,Tennessee,38109,South,Furniture,189.882,3,0.4,-94.941
498,CA-2016-126158,7/25/2016,7/31/2016,Standard Class,Consumer,United States,Costa Mesa,California,92627,West,Furniture,255.76,4,0,81.8432
499,CA-2016-126158,7/25/2016,7/31/2016,Standard Class,Consumer,United States,Costa Mesa,California,92627,West,Furniture,241.568,2,0.2,18.1176
500,CA-2016-126158,7/25/2016,7/31/2016,Standard Class,Consumer,United States,Costa Mesa,California,92627,West,Furniture,69.3,9,0,22.869
503,US-2016-105578,5/30/2016,06-04-2016,Standard Class,Corporate,United States,Parker,Colorado,80134,West,Furniture,801.568,2,0.2,50.098
511,CA-2017-135307,11/26/2017,11/27/2017,First Class,Consumer,United States,Gladstone,Missouri,64118,Central,Furniture,126.3,3,0,40.416
523,CA-2017-145142,1/23/2017,1/25/2017,First Class,Corporate,United States,Detroit,Michigan,48234,Central,Furniture,210.98,2,0,21.098
527,CA-2017-113558,10/21/2017,10/26/2017,Standard Class,Home Office,United States,Lakeland,Florida,33801,South,Furniture,683.952,3,0.2,42.747
528,CA-2017-113558,10/21/2017,10/26/2017,Standard Class,Home Office,United States,Lakeland,Florida,33801,South,Furniture,45.696,3,0.2,5.1408
532,CA-2015-102848,11-07-2015,11-09-2015,Second Class,Corporate,United States,Los Angeles,California,90036,West,Furniture,190.72,1,0.2,11.92
533,US-2017-129441,09-07-2017,09-11-2017,Standard Class,Consumer,United States,Los Angeles,California,90032,West,Furniture,47.94,3,0,2.397
540,CA-2015-134894,12-07-2015,12-11-2015,Standard Class,Consumer,United States,Henderson,Kentucky,42420,South,Furniture,283.92,4,0,70.98
546,CA-2014-103849,05-11-2014,5/16/2014,Standard Class,Consumer,United States,Fort Worth,Texas,76106,Central,Furniture,66.112,4,0.6,-84.2928
552,CA-2016-136406,4/15/2016,4/17/2016,Second Class,Consumer,United States,San Francisco,California,94110,West,Furniture,1121.568,2,0.2,0
553,CA-2017-112774,09-11-2017,09-12-2017,First Class,Consumer,United States,Jacksonville,Florida,32216,South,Furniture,34.504,1,0.2,6.0382
558,CA-2016-113243,06-10-2016,6/15/2016,Standard Class,Consumer,United States,Los Angeles,California,90045,West,Furniture,1335.68,4,0.2,-217.048
560,CA-2017-118731,11/20/2017,11/22/2017,Second Class,Consumer,United States,San Francisco,California,94110,West,Furniture,42.6,3,0,16.614
563,CA-2014-145576,9/14/2014,9/18/2014,Second Class,Consumer,United States,Tampa,Florida,33614,South,Furniture,13.128,3,0.2,3.7743
570,CA-2017-156951,10-01-2017,10-08-2017,Standard Class,Corporate,United States,Seattle,Washington,98105,West,Furniture,451.152,3,0.2,0
580,CA-2017-118640,7/20/2017,7/26/2017,Standard Class,Consumer,United States,Chicago,Illinois,60610,Central,Furniture,8.792,1,0.6,-5.7148
587,CA-2015-128139,07-03-2015,07-09-2015,Standard Class,Consumer,United States,Richmond,Kentucky,40475,South,Furniture,70.98,1,0,4.9686
598,CA-2014-131450,08-08-2014,8/15/2014,Standard Class,Consumer,United States,San Diego,California,92024,West,Furniture,327.76,8,0,91.7728
604,CA-2014-149958,3/15/2014,3/19/2014,Standard Class,Consumer,United States,Tampa,Florida,33614,South,Furniture,45.696,3,0.2,5.1408
617,CA-2017-117947,8/18/2017,8/23/2017,Second Class,Corporate,United States,New York City,New York,10011,East,Furniture,40.48,2,0,15.7872
618,CA-2017-117947,8/18/2017,8/23/2017,Second Class,Corporate,United States,New York City,New York,10011,East,Furniture,9.94,2,0,3.0814
621,CA-2017-117947,8/18/2017,8/23/2017,Second Class,Corporate,United States,New York City,New York,10011,East,Furniture,88.02,3,0,27.2862
623,CA-2015-138009,11/29/2015,12-03-2015,Standard Class,Corporate,United States,Dearborn,Michigan,48126,Central,Furniture,301.96,2,0,87.5684
627,CA-2017-163020,9/15/2017,9/19/2017,Standard Class,Home Office,United States,New York City,New York,10009,East,Furniture,35.56,7,0,12.0904
636,CA-2015-168004,10-04-2015,10-09-2015,Second Class,Corporate,United States,Warner Robins,Georgia,31088,South,Furniture,392.94,3,0,43.2234
639,CA-2016-115917,5/20/2016,5/25/2016,Standard Class,Home Office,United States,Vallejo,California,94591,West,Furniture,1049.2,5,0,272.792
641,CA-2016-147067,12/18/2016,12/22/2016,Standard Class,Corporate,United States,Minneapolis,Minnesota,55407,Central,Furniture,18.84,3,0,6.0288
649,CA-2016-160745,12-11-2016,12/16/2016,Second Class,Corporate,United States,Vancouver,Washington,98661,West,Furniture,14.8,4,0,6.068
658,US-2016-156097,9/19/2016,9/19/2016,Same Day,Home Office,United States,Aurora,Illinois,60505,Central,Furniture,701.372,2,0.3,-50.098
662,CA-2015-146563,8/24/2015,8/28/2015,Standard Class,Consumer,United States,Arlington,Texas,76017,Central,Furniture,918.785,5,0.3,-118.1295
669,CA-2014-156314,12/24/2014,12/26/2014,First Class,Consumer,United States,Cleveland,Ohio,44105,East,Furniture,30.36,5,0.2,8.7285
670,US-2017-106663,06-09-2017,6/13/2017,Standard Class,Home Office,United States,Chicago,Illinois,60653,Central,Furniture,23.976,3,0.6,-14.3856
671,US-2017-106663,06-09-2017,6/13/2017,Standard Class,Home Office,United States,Chicago,Illinois,60653,Central,Furniture,108.925,1,0.5,-71.8905
679,US-2017-119438,3/18/2017,3/23/2017,Standard Class,Consumer,United States,Tyler,Texas,75701,Central,Furniture,82.524,3,0.6,-41.262
689,CA-2017-161480,12/25/2017,12/29/2017,Standard Class,Consumer,United States,New York City,New York,10035,East,Furniture,191.984,2,0.2,4.7996
690,US-2014-117135,6/21/2014,6/23/2014,Second Class,Consumer,United States,Waynesboro,Virginia,22980,South,Furniture,104.01,1,0,14.5614
702,CA-2017-114552,09-02-2017,09-08-2017,Standard Class,Corporate,United States,Cleveland,Ohio,44105,East,Furniture,15.072,3,0.2,4.1448
703,CA-2016-163755,11-04-2016,11-08-2016,Second Class,Corporate,United States,Seattle,Washington,98103,West,Furniture,209.88,3,0,35.6796
704,CA-2015-142027,04-09-2015,4/14/2015,Standard Class,Consumer,United States,Long Beach,California,90805,West,Furniture,369.912,3,0.2,-13.8717
709,CA-2014-112158,12-02-2014,12-04-2014,First Class,Consumer,United States,New York City,New York,10035,East,Furniture,883.92,5,0.2,-110.49
717,CA-2014-130092,01-11-2014,1/14/2014,First Class,Consumer,United States,Dover,Delaware,19901,East,Furniture,9.94,2,0,3.0814
718,CA-2017-108910,9/24/2017,9/29/2017,Standard Class,Consumer,United States,Newark,Ohio,43055,East,Furniture,103.056,3,0.2,24.4758
720,CA-2014-104472,06-02-2014,06-07-2014,Standard Class,Home Office,United States,Orem,Utah,84057,West,Furniture,73.32,6,0,21.996
722,CA-2016-142335,12/15/2016,12/19/2016,Standard Class,Corporate,United States,Detroit,Michigan,48205,Central,Furniture,1652.94,3,0,231.4116
724,CA-2014-117429,10-07-2014,10/13/2014,Standard Class,Home Office,United States,Philadelphia,Pennsylvania,19140,East,Furniture,129.92,5,0.2,21.112
729,US-2016-150861,12-03-2016,12-06-2016,First Class,Consumer,United States,Oceanside,New York,11572,East,Furniture,400.032,2,0.4,-153.3456
731,US-2016-150861,12-03-2016,12-06-2016,First Class,Consumer,United States,Oceanside,New York,11572,East,Furniture,542.646,3,0.1,102.4998
737,CA-2017-131954,1/21/2017,1/25/2017,Standard Class,Home Office,United States,Seattle,Washington,98115,West,Furniture,84.98,1,0,18.6956
747,CA-2014-124429,5/27/2014,5/27/2014,Same Day,Corporate,United States,San Diego,California,92105,West,Furniture,567.12,10,0.2,-28.356
751,CA-2017-126074,10-02-2017,10-06-2017,Standard Class,Consumer,United States,Trenton,Michigan,48183,Central,Furniture,157.74,11,0,56.7864
755,CA-2015-135272,12-07-2015,12-12-2015,Standard Class,Consumer,United States,Los Angeles,California,90036,West,Furniture,79.92,4,0,28.7712
756,CA-2016-140928,9/18/2016,9/22/2016,Standard Class,Corporate,United States,Jacksonville,Florida,32216,South,Furniture,383.438,4,0.45,-167.3184
769,CA-2014-106810,5/14/2014,5/20/2014,Standard Class,Corporate,United States,Saint Petersburg,Florida,33710,South,Furniture,310.88,2,0.2,23.316
770,CA-2016-157245,5/19/2016,5/24/2016,Standard Class,Consumer,United States,Arlington,Virginia,22204,South,Furniture,641.96,2,0,179.7488
776,CA-2017-104220,1/30/2017,02-05-2017,Standard Class,Corporate,United States,Des Moines,Iowa,50315,Central,Furniture,34.58,7,0,14.5236
778,CA-2015-144267,8/21/2015,8/23/2015,First Class,Home Office,United States,San Francisco,California,94110,West,Furniture,544.008,3,0.2,40.8006
784,US-2015-157014,10-03-2015,10-06-2015,Second Class,Consumer,United States,Columbus,Ohio,43229,East,Furniture,35.49,1,0.5,-15.6156
788,CA-2015-154620,12-12-2015,12/16/2015,Standard Class,Consumer,United States,Lancaster,California,93534,West,Furniture,348.928,2,0.2,34.8928
792,CA-2015-115938,6/26/2015,6/30/2015,Standard Class,Consumer,United States,Richmond,Virginia,23223,South,Furniture,332.94,3,0,79.9056
800,CA-2015-101910,11/27/2015,12-03-2015,Standard Class,Consumer,United States,Lake Elsinore,California,92530,West,Furniture,283.92,5,0.2,17.745
801,CA-2017-105809,2/20/2017,2/23/2017,First Class,Corporate,United States,San Diego,California,92105,West,Furniture,22.23,1,0,7.3359
805,CA-2017-135783,4/22/2017,4/24/2017,First Class,Consumer,United States,San Francisco,California,94122,West,Furniture,18.28,2,0,6.2152
808,CA-2015-140921,02-03-2015,02-05-2015,First Class,Consumer,United States,Omaha,Nebraska,68104,Central,Furniture,28.4,2,0,11.076
811,CA-2014-151995,10/13/2014,10/15/2014,First Class,Consumer,United States,Edmonds,Washington,98026,West,Furniture,1298.55,5,0,311.652
814,CA-2017-143686,5/14/2017,5/14/2017,Same Day,Consumer,United States,Santa Ana,California,92704,West,Furniture,18.28,2,0,6.2152
820,CA-2014-140858,6/28/2014,07-02-2014,Standard Class,Consumer,United States,Philadelphia,Pennsylvania,19140,East,Furniture,1228.465,5,0.3,0
830,CA-2017-129462,6/16/2017,6/21/2017,Second Class,Consumer,United States,Florence,Kentucky,41042,South,Furniture,301.96,2,0,90.588
842,CA-2015-100454,11/20/2015,11/25/2015,Standard Class,Corporate,United States,New York City,New York,10035,East,Furniture,186.048,4,0.2,9.3024
848,CA-2015-114300,10/13/2015,10/17/2015,Standard Class,Consumer,United States,Louisville,Kentucky,40214,South,Furniture,287.94,3,0,77.7438
849,CA-2017-107503,01-01-2017,01-06-2017,Standard Class,Consumer,United States,Lorain,Ohio,44052,East,Furniture,48.896,4,0.2,8.5568
854,CA-2016-123274,2/19/2016,2/24/2016,Standard Class,Consumer,United States,New York City,New York,10035,East,Furniture,44.46,2,0,14.6718
867,CA-2014-149020,01-10-2014,1/15/2014,Standard Class,Corporate,United States,Springfield,Virginia,22153,South,Furniture,51.94,1,0,21.2954
876,CA-2016-116736,1/17/2016,1/21/2016,Standard Class,Home Office,United States,Concord,New Hampshire,3301,East,Furniture,322.59,3,0,64.518
881,CA-2017-111689,11/30/2017,12-02-2017,Second Class,Home Office,United States,New York City,New York,10024,East,Furniture,1242.9,5,0.1,262.39
884,CA-2016-165148,10/22/2016,10/24/2016,First Class,Home Office,United States,Detroit,Michigan,48227,Central,Furniture,31.4,5,0,10.048
885,CA-2014-134061,4/29/2014,05-04-2014,Standard Class,Consumer,United States,Rochester,New York,14609,East,Furniture,17.46,2,0,5.9364
907,CA-2017-143259,12/30/2017,01-03-2018,Standard Class,Consumer,United States,New York City,New York,10009,East,Furniture,323.136,4,0.2,12.1176
913,CA-2015-133627,5/31/2015,06-07-2015,Standard Class,Home Office,United States,Norwich,Connecticut,6360,East,Furniture,22.2,6,0,9.102
914,CA-2017-102519,11/27/2017,11/29/2017,First Class,Corporate,United States,Milwaukee,Wisconsin,53209,Central,Furniture,46.94,1,0,19.2454
916,US-2014-141215,6/15/2014,6/21/2014,Standard Class,Corporate,United States,San Antonio,Texas,78207,Central,Furniture,99.918,2,0.3,-18.5562
917,US-2014-141215,6/15/2014,6/21/2014,Standard Class,Corporate,United States,San Antonio,Texas,78207,Central,Furniture,797.944,4,0.3,-56.996
943,CA-2016-142958,12/13/2016,12/20/2016,Standard Class,Corporate,United States,Torrance,California,90503,West,Furniture,1114.272,4,0.2,41.7852
947,US-2015-140200,7/26/2015,7/28/2015,First Class,Consumer,United States,Mesa,Arizona,85204,West,Furniture,393.165,3,0.5,-204.4458
948,US-2017-110576,11/28/2017,12-02-2017,Standard Class,Home Office,United States,Philadelphia,Pennsylvania,19120,East,Furniture,516.488,7,0.2,-12.9122
949,US-2017-110576,11/28/2017,12-02-2017,Standard Class,Home Office,United States,Philadelphia,Pennsylvania,19120,East,Furniture,1007.232,6,0.2,75.5424
950,US-2017-110576,11/28/2017,12-02-2017,Standard Class,Home Office,United States,Philadelphia,Pennsylvania,19120,East,Furniture,2065.32,12,0.4,-619.596
953,CA-2017-131156,04-03-2017,04-07-2017,Standard Class,Consumer,United States,Philadelphia,Pennsylvania,19143,East,Furniture,25.472,4,0.2,7.6416
955,CA-2017-136539,12/28/2017,01-01-2018,Standard Class,Consumer,United States,Round Rock,Texas,78664,Central,Furniture,78.8528,2,0.32,-11.596
960,CA-2015-112571,9/22/2015,9/22/2015,Same Day,Consumer,United States,Oceanside,California,92054,West,Furniture,204.6,2,0,53.196
961,CA-2017-152142,11/14/2017,11/19/2017,Standard Class,Corporate,United States,San Francisco,California,94110,West,Furniture,321.568,2,0.2,28.1372
971,CA-2014-115791,1/16/2014,1/18/2014,Second Class,Consumer,United States,Philadelphia,Pennsylvania,19134,East,Furniture,127.104,6,0.2,28.5984
981,CA-2016-144939,10-03-2016,10-08-2016,Standard Class,Consumer,United States,New York City,New York,10035,East,Furniture,599.292,6,0.1,93.2232
984,CA-2014-163419,11-11-2014,11/14/2014,Second Class,Consumer,United States,Louisville,Colorado,80027,West,Furniture,603.92,5,0.2,75.49
989,CA-2017-167899,5/21/2017,5/26/2017,Standard Class,Corporate,United States,Auburn,New York,13021,East,Furniture,520.05,5,0,72.807
991,CA-2015-153549,3/29/2015,3/31/2015,Second Class,Home Office,United States,Jacksonville,Florida,32216,South,Furniture,1166.92,5,0.2,131.2785
999,CA-2015-162537,10/28/2015,11-03-2015,Standard Class,Consumer,United States,Henderson,Kentucky,42420,South,Furniture,24.1,5,0,9.158
1000,CA-2015-162537,10/28/2015,11-03-2015,Standard Class,Consumer,United States,Henderson,Kentucky,42420,South,Furniture,33.11,7,0,12.9129
1003,CA-2015-124891,7/31/2015,7/31/2015,Same Day,Consumer,United States,New York City,New York,10024,East,Furniture,1090.782,7,0.4,-290.8752
1011,CA-2014-158540,11/24/2014,11/26/2014,First Class,Consumer,United States,San Diego,California,92037,West,Furniture,151.72,4,0,27.3096
1012,CA-2017-118437,6/17/2017,6/21/2017,Second Class,Consumer,United States,Olympia,Washington,98502,West,Furniture,155.25,3,0,46.575
1014,US-2015-126214,12/21/2015,12/24/2015,Second Class,Consumer,United States,Seattle,Washington,98103,West,Furniture,1618.37,13,0,356.0414
1017,CA-2015-108665,07-06-2015,07-10-2015,Standard Class,Corporate,United States,New York City,New York,10011,East,Furniture,13.96,2,0,6.7008
1018,CA-2015-108665,07-06-2015,07-10-2015,Standard Class,Corporate,United States,New York City,New York,10011,East,Furniture,155.82,3,0,63.8862
1022,CA-2015-124450,4/27/2015,05-03-2015,Standard Class,Consumer,United States,Washington,District of Columbia,20016,East,Furniture,1267.53,3,0,316.8825
1031,CA-2014-163552,07-11-2014,7/15/2014,Standard Class,Corporate,United States,Hackensack,New Jersey,7601,East,Furniture,854.94,3,0,213.735
1032,CA-2014-163552,07-11-2014,7/15/2014,Standard Class,Corporate,United States,Hackensack,New Jersey,7601,East,Furniture,124.11,9,0,52.1262
1037,CA-2016-113061,4/22/2016,4/26/2016,Standard Class,Home Office,United States,Jefferson City,Missouri,65109,Central,Furniture,86.62,2,0,8.662
1041,CA-2016-127670,3/20/2016,3/24/2016,Standard Class,Home Office,United States,Saint Peters,Missouri,63376,Central,Furniture,697.16,4,0,146.4036
1043,CA-2016-102981,09-06-2016,09-09-2016,Second Class,Consumer,United States,New York City,New York,10035,East,Furniture,722.352,3,0.2,90.294
1046,CA-2017-152702,10-12-2017,10/16/2017,Standard Class,Home Office,United States,Rockford,Illinois,61107,Central,Furniture,254.604,14,0.3,-18.186
1048,CA-2016-169103,03-08-2016,3/13/2016,Standard Class,Consumer,United States,Miami,Florida,33142,South,Furniture,102.36,3,0.2,-3.8385
1051,US-2015-153500,07-03-2015,07-05-2015,First Class,Corporate,United States,Philadelphia,Pennsylvania,19134,East,Furniture,168.464,2,0.2,-29.4812
1053,US-2015-153500,07-03-2015,07-05-2015,First Class,Corporate,United States,Philadelphia,Pennsylvania,19134,East,Furniture,282.888,9,0.2,56.5776
1055,CA-2015-110667,04-04-2015,04-08-2015,Standard Class,Home Office,United States,New York City,New York,10009,East,Furniture,108.4,2,0,22.764
1061,US-2015-125374,3/23/2015,3/29/2015,Standard Class,Consumer,United States,Houston,Texas,77095,Central,Furniture,107.772,2,0.3,-29.2524
1068,CA-2016-157686,10-01-2016,10-02-2016,First Class,Consumer,United States,San Francisco,California,94122,West,Furniture,194.848,4,0.2,12.178
1082,CA-2015-110016,11/29/2015,12-04-2015,Standard Class,Corporate,United States,Detroit,Michigan,48227,Central,Furniture,1106.91,9,0,121.7601
1083,US-2016-143819,03-01-2016,03-05-2016,Standard Class,Consumer,United States,Yonkers,New York,10701,East,Furniture,836.592,8,0.4,-264.9208
1090,CA-2017-158407,06-04-2017,06-10-2017,Standard Class,Corporate,United States,Monroe,North Carolina,28110,South,Furniture,31.984,2,0.2,1.999
1098,CA-2014-159338,6/25/2014,6/28/2014,First Class,Corporate,United States,Los Angeles,California,90049,West,Furniture,447.84,5,0.2,11.196
1100,CA-2016-107216,6/14/2016,6/17/2016,First Class,Home Office,United States,San Francisco,California,94122,West,Furniture,8.73,3,0,4.1031
1107,US-2016-110156,11/19/2016,11/24/2016,Standard Class,Consumer,United States,Houston,Texas,77041,Central,Furniture,2.328,2,0.6,-0.7566
1115,CA-2017-140585,12/18/2017,12/23/2017,Second Class,Consumer,United States,Encinitas,California,92024,West,Furniture,119.833,1,0.15,-12.6882
1124,US-2014-147627,1/20/2014,1/26/2014,Standard Class,Consumer,United States,Jonesboro,Arkansas,72401,South,Furniture,38.6,4,0,11.58
1127,US-2014-147627,1/20/2014,1/26/2014,Standard Class,Consumer,United States,Jonesboro,Arkansas,72401,South,Furniture,1067.94,3,0,224.2674
1130,CA-2016-112102,04-12-2016,4/16/2016,Standard Class,Consumer,United States,Springfield,Virginia,22153,South,Furniture,343.92,4,0,75.6624
1142,CA-2014-146969,9/29/2014,10-03-2014,Standard Class,Consumer,United States,Los Angeles,California,90045,West,Furniture,204.6,2,0,53.196
1152,CA-2015-113971,05-08-2015,5/14/2015,Standard Class,Corporate,United States,Cuyahoga Falls,Ohio,44221,East,Furniture,8.352,6,0.2,1.2528
1156,CA-2014-136567,12/20/2014,12/21/2014,First Class,Home Office,United States,Harrisonburg,Virginia,22801,South,Furniture,2244.48,7,0,493.7856
1158,CA-2014-136567,12/20/2014,12/21/2014,First Class,Home Office,United States,Harrisonburg,Virginia,22801,South,Furniture,455.1,2,0,100.122
1159,CA-2016-149314,07-02-2016,07-07-2016,Second Class,Corporate,United States,Los Angeles,California,90004,West,Furniture,195.184,1,0.2,19.5184
1168,CA-2017-145226,12-08-2017,12-10-2017,Second Class,Consumer,United States,New York City,New York,10035,East,Furniture,109.48,2,0,33.9388
1178,CA-2016-113621,12-01-2016,12-05-2016,Standard Class,Consumer,United States,Rockville,Maryland,20852,East,Furniture,172.5,2,0,51.75
1191,CA-2017-117212,2/26/2017,2/28/2017,Second Class,Home Office,United States,Los Angeles,California,90036,West,Furniture,892.224,3,0.2,89.2224
1195,US-2015-130519,9/15/2015,9/15/2015,Same Day,Corporate,United States,Coral Springs,Florida,33065,South,Furniture,15.712,4,0.2,2.5532
1197,US-2015-130519,9/15/2015,9/15/2015,Same Day,Corporate,United States,Coral Springs,Florida,33065,South,Furniture,55.968,1,0.2,-2.0988
1199,CA-2016-130946,04-08-2016,04-12-2016,Standard Class,Consumer,United States,Houston,Texas,77041,Central,Furniture,95.984,4,0.3,-4.1136
1201,CA-2016-114727,7/18/2016,7/24/2016,Standard Class,Corporate,United States,Denver,Colorado,80219,West,Furniture,544.008,3,0.2,40.8006
1203,CA-2016-114727,7/18/2016,7/24/2016,Standard Class,Corporate,United States,Denver,Colorado,80219,West,Furniture,854.352,3,0.2,10.6794
1212,CA-2016-137050,7/14/2016,7/18/2016,Second Class,Corporate,United States,New York City,New York,10009,East,Furniture,579.136,4,0.2,21.7176
1213,US-2017-118087,09-09-2017,9/13/2017,Standard Class,Corporate,United States,Philadelphia,Pennsylvania,19134,East,Furniture,141.372,2,0.3,-48.4704
1218,US-2017-118087,09-09-2017,9/13/2017,Standard Class,Corporate,United States,Philadelphia,Pennsylvania,19134,East,Furniture,17.024,2,0.2,1.7024
1223,CA-2016-126004,12-04-2016,12-05-2016,First Class,Consumer,United States,New York City,New York,10024,East,Furniture,113.79,3,0,20.4822
1230,CA-2017-100013,11-06-2017,11-11-2017,Standard Class,Consumer,United States,Los Angeles,California,90045,West,Furniture,8.73,1,0,2.9682
1235,CA-2016-144344,10/28/2016,10/28/2016,Same Day,Consumer,United States,Boynton Beach,Florida,33437,South,Furniture,47.952,3,0.2,13.7862
1237,CA-2016-144344,10/28/2016,10/28/2016,Same Day,Consumer,United States,Boynton Beach,Florida,33437,South,Furniture,63.968,2,0.2,0
1238,CA-2016-144344,10/28/2016,10/28/2016,Same Day,Consumer,United States,Boynton Beach,Florida,33437,South,Furniture,165.048,3,0.2,41.262
1239,CA-2014-127012,08-11-2014,8/15/2014,Standard Class,Consumer,United States,Seattle,Washington,98105,West,Furniture,12.35,1,0,5.434
1246,CA-2014-168494,12-12-2014,12/14/2014,Second Class,Consumer,United States,Fresno,California,93727,West,Furniture,764.688,6,0.2,95.586
1247,CA-2014-168494,12-12-2014,12/14/2014,Second Class,Consumer,United States,Fresno,California,93727,West,Furniture,3610.848,12,0.2,135.4068
1248,CA-2014-168494,12-12-2014,12/14/2014,Second Class,Consumer,United States,Fresno,California,93727,West,Furniture,254.9745,3,0.15,11.9988
1250,CA-2017-115602,12/18/2017,12/24/2017,Standard Class,Consumer,United States,New York City,New York,10009,East,Furniture,1141.938,9,0.1,139.5702
1256,CA-2017-144638,03-10-2017,3/14/2017,Standard Class,Home Office,United States,Chester,Pennsylvania,19013,East,Furniture,6.696,1,0.2,0.5022
1257,CA-2017-144638,03-10-2017,3/14/2017,Standard Class,Home Office,United States,Chester,Pennsylvania,19013,East,Furniture,43.872,2,0.2,11.5164
1265,CA-2016-155992,10-01-2016,10-02-2016,First Class,Consumer,United States,La Porte,Indiana,46350,Central,Furniture,41.85,5,0,10.881
1268,US-2014-167738,12/24/2014,12/29/2014,Standard Class,Corporate,United States,Los Angeles,California,90045,West,Furniture,292.272,6,0.2,18.267
1269,CA-2017-121412,9/23/2017,9/27/2017,Standard Class,Corporate,United States,Louisville,Colorado,80027,West,Furniture,29.328,3,0.2,3.666
1275,CA-2016-119186,5/26/2016,5/26/2016,Same Day,Consumer,United States,Fort Worth,Texas,76106,Central,Furniture,388.43,5,0.3,-88.784
1288,CA-2016-154711,11/22/2016,11/26/2016,Standard Class,Corporate,United States,New York City,New York,10009,East,Furniture,39.88,2,0,11.1664
1301,CA-2016-137043,12/23/2016,12/25/2016,Second Class,Consumer,United States,Springfield,Virginia,22153,South,Furniture,572.76,6,0,166.1004
1302,CA-2016-137043,12/23/2016,12/25/2016,Second Class,Consumer,United States,Springfield,Virginia,22153,South,Furniture,286.38,3,0,83.0502
1303,CA-2015-115847,9/19/2015,9/24/2015,Second Class,Home Office,United States,Arlington,Virginia,22204,South,Furniture,61.96,2,0,4.3372
1304,US-2017-126179,07-03-2017,07-07-2017,Standard Class,Consumer,United States,Columbus,Georgia,31907,South,Furniture,23.99,1,0,5.5177
1311,CA-2016-141397,6/20/2016,6/21/2016,First Class,Consumer,United States,Pasadena,California,91104,West,Furniture,161.568,2,0.2,-8.0784
1314,US-2016-134488,9/24/2016,10-01-2016,Standard Class,Consumer,United States,Columbus,Ohio,43229,East,Furniture,155.372,2,0.3,-13.3176
1316,CA-2016-145919,12/18/2016,12/23/2016,Standard Class,Corporate,United States,Los Angeles,California,90032,West,Furniture,183.84,8,0,62.5056
1327,CA-2015-120439,6/14/2015,6/18/2015,Standard Class,Home Office,United States,Philadelphia,Pennsylvania,19120,East,Furniture,51.072,6,0.2,5.1072
1330,CA-2016-142762,5/23/2016,5/27/2016,Standard Class,Consumer,United States,San Francisco,California,94109,West,Furniture,37.05,3,0,16.302
1337,US-2017-123281,04-02-2017,04-07-2017,Standard Class,Consumer,United States,Los Angeles,California,90008,West,Furniture,25.11,3,0,6.5286
1338,CA-2017-100524,3/31/2017,04-02-2017,Second Class,Consumer,United States,New York City,New York,10011,East,Furniture,29.78,2,0,8.0406
1351,CA-2014-153976,10-03-2014,10-08-2014,Second Class,Consumer,United States,Evanston,Illinois,60201,Central,Furniture,258.279,3,0.3,-70.1043
1355,CA-2017-162978,05-04-2017,05-09-2017,Standard Class,Corporate,United States,San Francisco,California,94109,West,Furniture,300.904,1,0.2,11.2839
1359,CA-2017-160045,4/26/2017,4/27/2017,First Class,Consumer,United States,Fort Worth,Texas,76106,Central,Furniture,1.988,1,0.6,-1.4413
1360,US-2014-151925,9/26/2014,10-01-2014,Second Class,Consumer,United States,Los Angeles,California,90049,West,Furniture,145.568,2,0.2,0
1368,US-2017-155425,11-10-2017,11-11-2017,First Class,Corporate,United States,Tucson,Arizona,85705,West,Furniture,899.136,4,0.2,-146.1096
1369,CA-2017-133249,07-08-2017,07-11-2017,First Class,Home Office,United States,Pico Rivera,California,90660,West,Furniture,145.9,5,0,62.737
1370,US-2015-103471,12/24/2015,12/28/2015,Standard Class,Consumer,United States,Colorado Springs,Colorado,80906,West,Furniture,590.058,7,0.7,-786.744
1375,CA-2015-120362,9/14/2015,9/19/2015,Standard Class,Consumer,United States,Provo,Utah,84604,West,Furniture,912.75,5,0,118.6575
1382,US-2016-100566,09-03-2016,09-09-2016,Standard Class,Home Office,United States,Aurora,Illinois,60505,Central,Furniture,83.952,3,0.6,-90.2484
1386,US-2016-108504,02-05-2016,02-05-2016,Same Day,Home Office,United States,Smyrna,Georgia,30080,South,Furniture,18.84,3,0,7.1592
1387,US-2016-108504,02-05-2016,02-05-2016,Same Day,Home Office,United States,Smyrna,Georgia,30080,South,Furniture,239.98,2,0,52.7956
1395,US-2017-117247,10-09-2017,10/14/2017,Standard Class,Corporate,United States,Aurora,Illinois,60505,Central,Furniture,652.45,5,0.5,-430.617
1396,US-2017-117247,10-09-2017,10/14/2017,Standard Class,Corporate,United States,Aurora,Illinois,60505,Central,Furniture,66.645,3,0.5,-42.6528
1403,US-2016-161396,4/19/2016,4/25/2016,Standard Class,Home Office,United States,Columbus,Ohio,43229,East,Furniture,205.176,2,0.4,-58.1332
1406,US-2014-118486,04-06-2014,04-08-2014,First Class,Home Office,United States,Philadelphia,Pennsylvania,19143,East,Furniture,154.764,3,0.4,-36.1116
1409,CA-2016-130407,09-02-2016,09-06-2016,Standard Class,Consumer,United States,New York City,New York,10024,East,Furniture,39.98,2,0,9.995
1410,US-2016-122245,9/25/2016,9/30/2016,Standard Class,Consumer,United States,Phoenix,Arizona,85023,West,Furniture,393.165,3,0.5,-204.4458
1412,CA-2016-136329,07-09-2016,7/13/2016,Standard Class,Corporate,United States,New York City,New York,10035,East,Furniture,408.006,2,0.1,72.5344
1413,CA-2016-136329,07-09-2016,7/13/2016,Standard Class,Corporate,United States,New York City,New York,10035,East,Furniture,165.28,4,0,14.8752
1416,CA-2017-115994,1/28/2017,1/31/2017,Second Class,Home Office,United States,Costa Mesa,California,92627,West,Furniture,37.74,3,0,12.8316
1419,CA-2015-126697,9/21/2015,9/24/2015,First Class,Corporate,United States,Houston,Texas,77041,Central,Furniture,4.928,4,0.6,-1.4784
1434,CA-2014-120768,12/19/2014,12/21/2014,Second Class,Consumer,United States,Florence,Alabama,35630,South,Furniture,1819.86,14,0,163.7874
1439,CA-2015-139731,10/15/2015,10/15/2015,Same Day,Consumer,United States,Amarillo,Texas,79109,Central,Furniture,2453.43,5,0.3,-350.49
1447,CA-2017-102337,6/13/2017,6/16/2017,First Class,Home Office,United States,Chicago,Illinois,60653,Central,Furniture,470.302,7,0.3,-87.3418
1457,CA-2017-148474,06-12-2017,6/19/2017,Standard Class,Home Office,United States,Columbus,Georgia,31907,South,Furniture,452.94,3,0,67.941
1460,CA-2014-155271,05-04-2014,05-04-2014,Same Day,Consumer,United States,Middletown,Connecticut,6457,East,Furniture,27.46,2,0,9.8856
1462,US-2016-128902,03-11-2016,3/15/2016,Standard Class,Consumer,United States,Vineland,New Jersey,8360,East,Furniture,244.006,2,0.3,-31.3722
1464,CA-2016-152289,8/26/2016,8/28/2016,First Class,Corporate,United States,Pasadena,Texas,77506,Central,Furniture,1024.716,6,0.3,-29.2776
1466,CA-2014-151708,08-08-2014,8/14/2014,Standard Class,Consumer,United States,Glendale,Arizona,85301,West,Furniture,121.376,4,0.2,-3.0344
1469,CA-2017-139199,12-09-2017,12/13/2017,Standard Class,Corporate,United States,Detroit,Michigan,48234,Central,Furniture,872.94,3,0,226.9644
1474,US-2015-105676,12-01-2015,12-02-2015,Same Day,Consumer,United States,Houston,Texas,77036,Central,Furniture,6.688,4,0.6,-4.0128
1489,CA-2015-140410,11-03-2015,11-07-2015,Standard Class,Home Office,United States,Los Angeles,California,90008,West,Furniture,42.6,3,0,16.614
1493,CA-2017-166436,11/24/2017,11/28/2017,Standard Class,Corporate,United States,New York City,New York,10035,East,Furniture,977.292,6,0.1,173.7408
1494,CA-2017-139661,10/30/2017,11-03-2017,Standard Class,Corporate,United States,Vancouver,Washington,98661,West,Furniture,9.64,2,0,3.6632
1504,CA-2016-100468,11/24/2016,12-01-2016,Standard Class,Home Office,United States,Los Angeles,California,90045,West,Furniture,9.94,2,0,3.0814
1506,CA-2015-153388,08-01-2015,08-07-2015,Standard Class,Home Office,United States,Los Angeles,California,90004,West,Furniture,1004.976,6,0.2,-175.8708
1510,CA-2017-103611,09-12-2017,9/15/2017,First Class,Consumer,United States,Los Angeles,California,90036,West,Furniture,8.36,2,0,3.0096
1516,US-2017-160759,12-11-2017,12/17/2017,Standard Class,Consumer,United States,Philadelphia,Pennsylvania,19120,East,Furniture,63.686,1,0.3,-9.098
1517,CA-2017-148446,12-10-2017,12/14/2017,Second Class,Consumer,United States,North Las Vegas,Nevada,89031,West,Furniture,1669.6,4,0,116.872
1522,CA-2015-144806,12-06-2015,12-11-2015,Standard Class,Consumer,United States,Tucson,Arizona,85705,West,Furniture,206.112,6,0.2,48.9516
1528,CA-2016-122392,7/22/2016,7/27/2016,Standard Class,Consumer,United States,Allentown,Pennsylvania,18103,East,Furniture,11.648,2,0.2,3.3488
1535,CA-2017-124086,02-10-2017,2/14/2017,Standard Class,Home Office,United States,Laguna Niguel,California,92677,West,Furniture,203.983,2,0.15,16.7986
1540,CA-2017-121888,9/15/2017,9/17/2017,Second Class,Consumer,United States,Everett,Massachusetts,2149,East,Furniture,782.94,3,0,203.5644
1542,CA-2014-166884,03-11-2014,3/16/2014,Second Class,Consumer,United States,Columbus,Ohio,43229,East,Furniture,8.32,5,0.2,2.288
1546,CA-2014-150245,12/31/2014,01-04-2015,Second Class,Corporate,United States,Watertown,New York,13601,East,Furniture,1573.488,7,0.2,196.686
1559,CA-2015-112116,3/16/2015,3/18/2015,Second Class,Consumer,United States,Seattle,Washington,98103,West,Furniture,171.96,2,0,44.7096
1563,US-2017-102890,6/30/2017,6/30/2017,Same Day,Consumer,United States,New York City,New York,10011,East,Furniture,1044.63,5,0.4,-295.9785
1571,US-2014-157385,11/23/2014,11/25/2014,First Class,Consumer,United States,Los Angeles,California,90004,West,Furniture,603.92,5,0.2,-67.941
1574,US-2014-157385,11/23/2014,11/25/2014,First Class,Consumer,United States,Los Angeles,California,90004,West,Furniture,381.44,2,0.2,23.84
1576,CA-2014-101602,12/15/2014,12/18/2014,First Class,Consumer,United States,El Paso,Texas,79907,Central,Furniture,763.28,5,0.3,-21.808
1581,CA-2015-131338,08-09-2015,08-12-2015,First Class,Consumer,United States,New York City,New York,10024,East,Furniture,382.806,9,0.4,-153.1224
1584,CA-2015-131338,08-09-2015,08-12-2015,First Class,Consumer,United States,New York City,New York,10024,East,Furniture,47.04,3,0,18.3456
1585,CA-2015-131338,08-09-2015,08-12-2015,First Class,Consumer,United States,New York City,New York,10024,East,Furniture,6.16,2,0,2.9568
1595,CA-2015-118423,3/24/2015,3/27/2015,First Class,Home Office,United States,Peoria,Illinois,61604,Central,Furniture,359.058,3,0.3,-35.9058
1596,CA-2017-149181,05-08-2017,05-12-2017,Standard Class,Consumer,United States,Columbus,Ohio,43229,East,Furniture,47.992,2,0.3,-2.0568
1597,CA-2017-132234,10/16/2017,10/18/2017,First Class,Corporate,United States,New York City,New York,10011,East,Furniture,547.3,13,0,175.136
1601,CA-2017-158876,11/19/2017,11/21/2017,Second Class,Consumer,United States,Carrollton,Texas,75007,Central,Furniture,15.992,2,0.6,-13.993
1602,CA-2016-164672,05-08-2016,5/13/2016,Second Class,Corporate,United States,Dover,Delaware,19901,East,Furniture,211.96,2,0,42.392
1611,CA-2014-156349,5/26/2014,5/30/2014,Standard Class,Corporate,United States,Los Angeles,California,90008,West,Furniture,290.666,2,0.15,27.3568
1621,CA-2017-108560,07-08-2017,7/15/2017,Standard Class,Consumer,United States,Kent,Washington,98031,West,Furniture,198.46,2,0,99.23
1628,CA-2015-143119,9/24/2015,9/30/2015,Standard Class,Consumer,United States,Lafayette,Louisiana,70506,South,Furniture,517.5,6,0,155.25
1629,CA-2017-101049,6/21/2017,6/25/2017,Second Class,Consumer,United States,Cleveland,Ohio,44105,East,Furniture,17.92,5,0.2,2.464
1642,CA-2016-157266,5/26/2016,06-01-2016,Standard Class,Consumer,United States,Washington,District of Columbia,20016,East,Furniture,41.37,3,0,17.3754
1658,CA-2014-127159,05-12-2014,5/15/2014,First Class,Consumer,United States,Milwaukee,Wisconsin,53209,Central,Furniture,34.79,7,0,10.7849
1670,US-2015-157154,01-10-2015,1/15/2015,Standard Class,Consumer,United States,New York City,New York,10011,East,Furniture,1018.104,4,0.4,-373.3048
1675,CA-2015-143077,9/17/2015,9/21/2015,Standard Class,Corporate,United States,Houston,Texas,77041,Central,Furniture,21.936,2,0.6,-10.4196
1681,CA-2014-122882,09-07-2014,9/13/2014,Standard Class,Corporate,United States,Philadelphia,Pennsylvania,19134,East,Furniture,42.368,2,0.2,8.4736
1684,CA-2016-147585,11-07-2016,11-12-2016,Standard Class,Corporate,United States,San Francisco,California,94110,West,Furniture,14.82,3,0,6.2244
1689,CA-2017-143798,12-10-2017,12-12-2017,First Class,Consumer,United States,Philadelphia,Pennsylvania,19140,East,Furniture,310.88,2,0.2,23.316
1690,CA-2014-142839,8/16/2014,8/20/2014,Standard Class,Consumer,United States,Philadelphia,Pennsylvania,19143,East,Furniture,853.092,6,0.4,-227.4912
1693,US-2016-154361,3/14/2016,3/19/2016,Standard Class,Consumer,United States,Columbus,Ohio,43229,East,Furniture,21.88,5,0.2,6.2905
1700,CA-2014-135657,06-03-2014,06-07-2014,Second Class,Consumer,United States,Seattle,Washington,98115,West,Furniture,515.88,6,0,113.4936
1702,CA-2015-114069,7/13/2015,7/15/2015,Second Class,Consumer,United States,New York City,New York,10035,East,Furniture,1931.04,9,0.1,321.84
1710,CA-2017-123491,10/30/2017,11-05-2017,Standard Class,Consumer,United States,San Francisco,California,94122,West,Furniture,71.992,1,0.2,-0.8999
1714,US-2017-124968,09-08-2017,9/13/2017,Second Class,Consumer,United States,Chicago,Illinois,60610,Central,Furniture,765.625,7,0.5,-566.5625
1715,CA-2017-104003,10-07-2017,10/13/2017,Standard Class,Consumer,United States,San Francisco,California,94110,West,Furniture,307.666,2,0.15,-14.4784
1719,CA-2016-169943,5/19/2016,5/24/2016,Standard Class,Consumer,United States,New York City,New York,10011,East,Furniture,35.92,4,0,15.0864
1720,CA-2016-169943,5/19/2016,5/24/2016,Standard Class,Consumer,United States,New York City,New York,10011,East,Furniture,39.76,8,0,12.3256
1724,US-2015-123218,12/20/2015,12/25/2015,Standard Class,Consumer,United States,Chicago,Illinois,60623,Central,Furniture,359.058,3,0.3,-71.8116
1728,US-2017-164056,4/29/2017,05-04-2017,Second Class,Corporate,United States,Dublin,Ohio,43017,East,Furniture,1048.35,5,0.4,-69.89
1743,CA-2017-152807,10/30/2017,11-03-2017,Standard Class,Consumer,United States,Philadelphia,Pennsylvania,19140,East,Furniture,7.168,2,0.2,0.9856
1751,CA-2015-139094,11/22/2015,11/27/2015,Standard Class,Home Office,United States,San Antonio,Texas,78207,Central,Furniture,206.962,2,0.3,-32.5226
1752,CA-2017-168837,10/14/2017,10/17/2017,First Class,Consumer,United States,Oakland,California,94601,West,Furniture,9.46,2,0,3.6894
1761,CA-2015-130785,09-05-2015,09-09-2015,Standard Class,Consumer,United States,San Diego,California,92105,West,Furniture,411.332,4,0.15,-4.8392
1763,CA-2015-130785,09-05-2015,09-09-2015,Standard Class,Consumer,United States,San Diego,California,92105,West,Furniture,293.199,3,0.15,-20.6964
1766,CA-2016-110254,08-04-2016,08-08-2016,Standard Class,Home Office,United States,Suffolk,Virginia,23434,South,Furniture,109.8,9,0,46.116
1792,CA-2014-120474,12-01-2014,12-03-2014,First Class,Consumer,United States,Madison,Wisconsin,53711,Central,Furniture,2807.84,8,0,673.8816
1799,CA-2016-100965,07-07-2016,07-11-2016,Standard Class,Consumer,United States,San Jose,California,95123,West,Furniture,215.65,5,0,73.321
1802,CA-2016-149461,11/13/2016,11/19/2016,Standard Class,Home Office,United States,Auburn,Washington,98002,West,Furniture,4.18,1,0,1.5048
1810,CA-2016-165484,10/23/2016,10/29/2016,Standard Class,Corporate,United States,Chicago,Illinois,60610,Central,Furniture,16.156,7,0.6,-12.117
1812,CA-2014-132612,06-09-2014,06-11-2014,Second Class,Consumer,United States,Harrisonburg,Virginia,22801,South,Furniture,1441.3,7,0,245.021
1813,US-2017-161193,11/20/2017,11/26/2017,Standard Class,Consumer,United States,Newark,Ohio,43055,East,Furniture,77.6,5,0.2,28.13
1814,US-2017-161193,11/20/2017,11/26/2017,Standard Class,Consumer,United States,Newark,Ohio,43055,East,Furniture,4.656,2,0.2,1.5714
1815,CA-2015-131597,9/14/2015,9/18/2015,Standard Class,Corporate,United States,Los Angeles,California,90045,West,Furniture,170.136,3,0.2,-8.5068
1820,US-2014-130379,5/25/2014,5/29/2014,Standard Class,Consumer,United States,Chicago,Illinois,60623,Central,Furniture,29.32,2,0.6,-24.189
1823,CA-2016-168956,2/16/2016,2/20/2016,Standard Class,Corporate,United States,Chicago,Illinois,60623,Central,Furniture,62.958,3,0.3,-2.6982
1826,CA-2016-167507,12/22/2016,12/28/2016,Standard Class,Consumer,United States,Redmond,Oregon,97756,West,Furniture,11.84,4,0.2,3.108
1827,CA-2016-167507,12/22/2016,12/28/2016,Standard Class,Consumer,United States,Redmond,Oregon,97756,West,Furniture,22.784,1,0.2,4.8416
1832,CA-2017-145884,10/21/2017,10/21/2017,Same Day,Home Office,United States,Muskogee,Oklahoma,74403,Central,Furniture,262.11,1,0,62.9064
1833,CA-2015-131422,11-05-2015,11-09-2015,Standard Class,Corporate,United States,Monroe,North Carolina,28110,South,Furniture,207,3,0.2,25.875
1839,CA-2014-117345,08-01-2014,08-05-2014,Standard Class,Corporate,United States,Charlotte,North Carolina,28205,South,Furniture,44.128,4,0.2,12.1352
1842,CA-2016-157763,7/18/2016,7/23/2016,Standard Class,Corporate,United States,Bowling Green,Kentucky,42104,South,Furniture,140.81,1,0,39.4268
1844,CA-2015-135391,02-09-2015,02-11-2015,Second Class,Corporate,United States,San Antonio,Texas,78207,Central,Furniture,40.784,2,0.6,-30.588
1847,US-2017-158512,01-12-2017,1/17/2017,Second Class,Home Office,United States,Washington,District of Columbia,20016,East,Furniture,37.68,2,0,15.8256
1848,CA-2017-128370,09-10-2017,09-10-2017,Same Day,Corporate,United States,Los Angeles,California,90004,West,Furniture,362.352,3,0.2,27.1764
1861,US-2017-121251,3/26/2017,3/27/2017,First Class,Consumer,United States,New York City,New York,10009,East,Furniture,257.568,2,0.2,-28.9764
1864,US-2016-100839,10/13/2016,10/17/2016,Standard Class,Corporate,United States,Aurora,Colorado,80013,West,Furniture,727.45,5,0.5,-465.568
1865,US-2016-100839,10/13/2016,10/17/2016,Standard Class,Corporate,United States,Aurora,Colorado,80013,West,Furniture,24.96,3,0.2,4.368
1867,CA-2017-118857,4/15/2017,4/18/2017,First Class,Corporate,United States,Henderson,Nevada,89015,West,Furniture,196.45,5,0,70.722
1872,CA-2014-116932,7/21/2014,7/25/2014,Standard Class,Corporate,United States,San Francisco,California,94122,West,Furniture,801.568,2,0.2,50.098
1873,CA-2014-116932,7/21/2014,7/25/2014,Standard Class,Corporate,United States,San Francisco,California,94122,West,Furniture,272.848,1,0.2,27.2848
1874,CA-2017-142888,11/21/2017,11/25/2017,Standard Class,Consumer,United States,Spokane,Washington,99207,West,Furniture,70.98,1,0,20.5842
1876,US-2016-112977,03-10-2016,3/16/2016,Standard Class,Consumer,United States,Long Beach,New York,11561,East,Furniture,176.784,1,0.2,-22.098
1878,CA-2017-118885,12/29/2017,01-02-2018,Standard Class,Consumer,United States,Los Angeles,California,90049,West,Furniture,393.568,4,0.2,-44.2764
1882,CA-2015-109512,03-05-2015,03-05-2015,Same Day,Consumer,United States,New York City,New York,10011,East,Furniture,383.607,7,0.1,63.9345
1886,CA-2016-147578,4/22/2016,4/26/2016,Second Class,Consumer,United States,San Francisco,California,94122,West,Furniture,31.56,3,0,10.4148
1890,CA-2014-142587,10/21/2014,10/22/2014,First Class,Consumer,United States,Fairfield,Ohio,45014,East,Furniture,409.59,3,0.4,-122.877
1900,CA-2014-169775,8/29/2014,09-02-2014,Second Class,Consumer,United States,Miami,Florida,33178,South,Furniture,174.0585,3,0.45,-110.7645
1904,CA-2017-167094,10/21/2017,10/22/2017,First Class,Corporate,United States,Springfield,Oregon,97477,West,Furniture,478.48,2,0.2,47.848
1909,CA-2015-157959,02-03-2015,02-04-2015,First Class,Corporate,United States,Los Angeles,California,90008,West,Furniture,136.92,4,0,41.076
1910,CA-2017-105886,12/18/2017,12/23/2017,Standard Class,Consumer,United States,Oceanside,New York,11572,East,Furniture,18.96,2,0,8.532
1921,US-2017-111423,8/17/2017,8/19/2017,First Class,Corporate,United States,Watertown,New York,13601,East,Furniture,462.564,2,0.1,97.6524
1933,CA-2017-161200,08-06-2017,08-10-2017,Second Class,Consumer,United States,Lafayette,Louisiana,70506,South,Furniture,145.74,3,0,23.3184
1934,CA-2017-161200,08-06-2017,08-10-2017,Second Class,Consumer,United States,Lafayette,Louisiana,70506,South,Furniture,15.4,5,0,7.392
1937,CA-2015-141768,5/25/2015,5/27/2015,Second Class,Home Office,United States,San Francisco,California,94109,West,Furniture,14.73,3,0,4.8609
1941,CA-2016-112109,07-08-2016,07-12-2016,Standard Class,Consumer,United States,Broomfield,Colorado,80020,West,Furniture,662.88,3,0.2,74.574
1948,CA-2017-157987,09-02-2017,09-06-2017,Standard Class,Corporate,United States,New York City,New York,10009,East,Furniture,11.54,2,0,3.462
1949,CA-2017-157987,09-02-2017,09-06-2017,Standard Class,Corporate,United States,New York City,New York,10009,East,Furniture,254.526,1,0.4,-93.3262
1954,CA-2017-157987,09-02-2017,09-06-2017,Standard Class,Corporate,United States,New York City,New York,10009,East,Furniture,1282.41,5,0.1,213.735
1978,CA-2014-110408,10/18/2014,10/20/2014,Second Class,Corporate,United States,Montgomery,Alabama,36116,South,Furniture,545.88,6,0,70.9644
1980,CA-2016-112669,4/14/2016,4/14/2016,Same Day,Consumer,United States,Glendale,Arizona,85301,West,Furniture,933.536,4,0.2,105.0228
1985,CA-2014-164721,11/25/2014,11/27/2014,Second Class,Corporate,United States,Brentwood,California,94513,West,Furniture,23.88,3,0,10.5072
1989,CA-2015-127509,11-09-2015,11/13/2015,Standard Class,Consumer,United States,Springfield,Missouri,65807,Central,Furniture,1024.38,7,0,215.1198
1997,US-2017-147221,12-02-2017,12-04-2017,Second Class,Consumer,United States,Houston,Texas,77036,Central,Furniture,8.752,4,0.6,-3.7196
2004,CA-2017-163510,12/25/2017,12/28/2017,Second Class,Consumer,United States,Louisville,Kentucky,40214,South,Furniture,304.45,5,0,76.1125
2008,CA-2017-165386,08-03-2017,08-04-2017,First Class,Consumer,United States,Chicago,Illinois,60623,Central,Furniture,183.372,2,0.3,-36.6744
2014,CA-2016-145905,9/18/2016,9/23/2016,Standard Class,Consumer,United States,Auburn,Alabama,36830,South,Furniture,350.98,1,0,84.2352
2024,CA-2016-168354,9/19/2016,9/21/2016,First Class,Home Office,United States,Providence,Rhode Island,2908,East,Furniture,872.32,4,0,244.2496
2026,CA-2015-114237,3/13/2015,3/15/2015,First Class,Consumer,United States,Seattle,Washington,98103,West,Furniture,141.96,2,0,39.7488
2036,CA-2017-162481,9/25/2017,9/29/2017,Standard Class,Consumer,United States,Rochester,Minnesota,55901,Central,Furniture,269.97,3,0,51.2943
2042,CA-2015-122287,6/18/2015,6/23/2015,Standard Class,Home Office,United States,Peoria,Arizona,85345,West,Furniture,75.36,5,0.2,20.724
2049,CA-2015-142237,07-11-2015,7/13/2015,First Class,Consumer,United States,Philadelphia,Pennsylvania,19134,East,Furniture,289.8,7,0.2,36.225
2052,CA-2015-142237,07-11-2015,7/13/2015,First Class,Consumer,United States,Philadelphia,Pennsylvania,19134,East,Furniture,341.488,8,0.3,-73.176
2054,CA-2015-142237,07-11-2015,7/13/2015,First Class,Consumer,United States,Philadelphia,Pennsylvania,19134,East,Furniture,25.344,6,0.2,3.4848
2055,CA-2016-136434,12-01-2016,12-07-2016,Standard Class,Consumer,United States,Richmond,Indiana,47374,Central,Furniture,17.31,3,0,5.193
2057,CA-2017-120376,12/22/2017,12/25/2017,First Class,Consumer,United States,Detroit,Michigan,48227,Central,Furniture,1586.69,7,0,412.5394
2059,CA-2017-120376,12/22/2017,12/25/2017,First Class,Consumer,United States,Detroit,Michigan,48227,Central,Furniture,411.8,2,0,70.006
2066,CA-2014-106439,10/31/2014,11-04-2014,Standard Class,Corporate,United States,Los Angeles,California,90049,West,Furniture,146.352,3,0.2,-9.147
2070,CA-2015-133452,4/13/2015,4/19/2015,Standard Class,Consumer,United States,Pomona,California,91767,West,Furniture,710.832,3,0.2,-97.7394
2072,US-2017-110996,11/20/2017,11/25/2017,Standard Class,Consumer,United States,Ontario,California,91761,West,Furniture,283.92,5,0.2,-46.137
2076,CA-2014-131051,12-01-2014,12-05-2014,Standard Class,Consumer,United States,San Francisco,California,94122,West,Furniture,58.2,3,0,28.518
2082,CA-2015-120103,12/24/2015,12/29/2015,Standard Class,Consumer,United States,Phoenix,Arizona,85023,West,Furniture,7.712,2,0.2,1.7352
2092,CA-2017-166142,7/15/2017,7/19/2017,Standard Class,Consumer,United States,Wilmington,Delaware,19805,East,Furniture,310.443,3,0.3,-48.7839
2093,CA-2014-145926,11/17/2014,11/21/2014,Standard Class,Home Office,United States,Moorhead,Minnesota,56560,Central,Furniture,479.9,5,0,81.583
2103,CA-2014-123295,7/18/2014,7/18/2014,Same Day,Home Office,United States,Tucson,Arizona,85705,West,Furniture,259.136,4,0.2,-25.9136
2112,CA-2015-164882,10/31/2015,10/31/2015,Same Day,Consumer,United States,Redlands,California,92374,West,Furniture,323.136,4,0.2,20.196
2116,CA-2015-164882,10/31/2015,10/31/2015,Same Day,Consumer,United States,Redlands,California,92374,West,Furniture,425.833,1,0.15,20.0392
2117,CA-2015-159786,10-12-2015,10/17/2015,Second Class,Consumer,United States,Rochester,New York,14609,East,Furniture,209.67,1,0.4,-13.978
2122,CA-2017-158246,11-09-2017,11-11-2017,First Class,Corporate,United States,Sunnyvale,California,94086,West,Furniture,215.976,3,0.2,-2.6997
2123,CA-2017-167381,9/22/2017,9/24/2017,Second Class,Home Office,United States,Lansing,Michigan,48911,Central,Furniture,241.96,2,0,41.1332
2128,CA-2015-134859,10-04-2015,10-09-2015,Standard Class,Home Office,United States,Philadelphia,Pennsylvania,19134,East,Furniture,64.944,3,0.2,6.4944
2132,US-2014-114188,5/20/2014,5/22/2014,Second Class,Corporate,United States,Dover,New Hampshire,3820,East,Furniture,139.86,7,0,60.1398
2137,CA-2015-156377,12/31/2015,01-05-2016,Standard Class,Consumer,United States,Grand Prairie,Texas,75051,Central,Furniture,14.76,5,0.6,-11.439
2142,CA-2014-159520,06-06-2014,06-11-2014,Standard Class,Corporate,United States,Long Beach,New York,11561,East,Furniture,991.764,3,0.4,-347.1174
2146,US-2016-152051,6/25/2016,6/29/2016,Standard Class,Corporate,United States,York,Pennsylvania,17403,East,Furniture,422.058,3,0.3,-18.0882
2149,CA-2014-141607,12-12-2014,12/17/2014,Standard Class,Consumer,United States,Concord,California,94521,West,Furniture,43.31,1,0,4.331
2151,US-2017-139969,11/19/2017,11/26/2017,Standard Class,Consumer,United States,College Station,Texas,77840,Central,Furniture,233.058,3,0.3,-53.2704
2155,US-2016-120460,4/30/2016,05-05-2016,Standard Class,Home Office,United States,Dallas,Texas,75081,Central,Furniture,22.608,3,0.6,-10.1736
2161,CA-2016-141019,5/14/2016,5/14/2016,Same Day,Consumer,United States,Cincinnati,Ohio,45231,East,Furniture,79.384,1,0.2,29.769
2166,CA-2016-154018,10/13/2016,10/19/2016,Standard Class,Consumer,United States,Laredo,Texas,78041,Central,Furniture,139.92,5,0.6,-150.414
2172,US-2017-137491,11/19/2017,11/25/2017,Standard Class,Corporate,United States,San Angelo,Texas,76903,Central,Furniture,305.312,2,0.3,-8.7232
2182,CA-2016-128818,05-07-2016,05-11-2016,Standard Class,Consumer,United States,New York City,New York,10009,East,Furniture,442.764,4,0.1,59.0352
2185,CA-2016-128818,05-07-2016,05-11-2016,Standard Class,Consumer,United States,New York City,New York,10009,East,Furniture,63.68,8,0,28.0192
2189,CA-2017-143063,08-10-2017,8/15/2017,Standard Class,Consumer,United States,Columbus,Indiana,47201,Central,Furniture,121.3,2,0,25.473
2201,US-2014-165659,06-01-2014,06-06-2014,Standard Class,Consumer,United States,Little Rock,Arkansas,72209,South,Furniture,22.2,6,0,9.102
2204,CA-2015-138002,09-06-2015,09-12-2015,Standard Class,Home Office,United States,Seattle,Washington,98103,West,Furniture,191.82,3,0,74.8098
2205,CA-2015-128860,6/29/2015,07-05-2015,Standard Class,Consumer,United States,Lancaster,Pennsylvania,17602,East,Furniture,20.104,1,0.2,1.7591
2213,CA-2017-107874,11/21/2017,11/25/2017,Standard Class,Consumer,United States,New York City,New York,10035,East,Furniture,27.42,1,0,11.2422
2217,CA-2017-129378,10-01-2017,10-02-2017,First Class,Consumer,United States,San Jose,California,95123,West,Furniture,108.608,4,0.2,9.5032
2224,CA-2015-131884,12-06-2015,12-06-2015,Same Day,Consumer,United States,Marion,Ohio,43302,East,Furniture,70.686,1,0.3,-24.2352
2226,CA-2016-106383,3/19/2016,3/21/2016,Second Class,Consumer,United States,Littleton,Colorado,80122,West,Furniture,72.294,1,0.7,-98.8018
2229,CA-2016-139157,10-01-2016,10-05-2016,Standard Class,Consumer,United States,New York City,New York,10024,East,Furniture,330.588,1,0.4,-115.7058
2232,CA-2017-157091,6/26/2017,07-01-2017,Standard Class,Consumer,United States,La Porte,Indiana,46350,Central,Furniture,526.45,5,0,31.587
2239,CA-2017-166849,4/20/2017,4/26/2017,Standard Class,Home Office,United States,Chicago,Illinois,60610,Central,Furniture,44.4,2,0.6,-52.17
2257,CA-2016-164091,9/17/2016,9/22/2016,Standard Class,Corporate,United States,Bangor,Maine,4401,East,Furniture,109.48,2,0,33.9388
2258,CA-2017-105214,6/16/2017,6/19/2017,First Class,Consumer,United States,San Francisco,California,94122,West,Furniture,1212.96,7,0.2,90.972
2263,CA-2017-122994,02-06-2017,02-09-2017,First Class,Consumer,United States,Arlington,Virginia,22204,South,Furniture,359.97,3,0,79.1934
2273,CA-2015-142944,03-06-2015,03-11-2015,Standard Class,Consumer,United States,San Francisco,California,94122,West,Furniture,435.26,7,0,95.7572
2275,CA-2014-157882,10-03-2014,10-08-2014,Second Class,Corporate,United States,Los Angeles,California,90036,West,Furniture,143.432,1,0.2,3.5858
2276,CA-2014-157882,10-03-2014,10-08-2014,Second Class,Corporate,United States,Los Angeles,California,90036,West,Furniture,122.352,3,0.2,13.7646
2278,CA-2014-104283,6/27/2014,07-01-2014,Standard Class,Consumer,United States,Southaven,Mississippi,38671,South,Furniture,85.98,1,0,22.3548
2280,CA-2017-142622,10/30/2017,11-02-2017,First Class,Consumer,United States,Seattle,Washington,98115,West,Furniture,97.568,2,0.2,-6.098
2281,CA-2017-142622,10/30/2017,11-02-2017,First Class,Consumer,United States,Seattle,Washington,98115,West,Furniture,614.272,8,0.2,-23.0352
2282,CA-2017-142622,10/30/2017,11-02-2017,First Class,Consumer,United States,Seattle,Washington,98115,West,Furniture,199.98,2,0,37.9962
2290,CA-2017-115154,01-08-2017,01-11-2017,First Class,Corporate,United States,Seattle,Washington,98115,West,Furniture,892.98,2,0,80.3682
2292,CA-2015-149342,4/20/2015,4/25/2015,Standard Class,Corporate,United States,Columbus,Georgia,31907,South,Furniture,595.38,6,0,297.69
2295,CA-2017-127929,12/23/2017,12/27/2017,Standard Class,Corporate,United States,Middletown,Connecticut,6457,East,Furniture,181.95,3,0,38.2095
2297,CA-2015-113145,11-01-2015,11-05-2015,Standard Class,Consumer,United States,New York City,New York,10011,East,Furniture,259.7,5,0,106.477
2304,CA-2017-157931,9/17/2017,9/22/2017,Second Class,Home Office,United States,Roswell,Georgia,30076,South,Furniture,723.92,4,0,188.2192
2306,CA-2016-115574,12/23/2016,12/24/2016,First Class,Corporate,United States,Chicago,Illinois,60623,Central,Furniture,141.372,2,0.3,-14.1372
2309,US-2017-120418,06-11-2017,06-12-2017,First Class,Home Office,United States,Peoria,Arizona,85345,West,Furniture,280.792,1,0.2,35.099
2317,CA-2017-122035,7/20/2017,7/25/2017,Standard Class,Corporate,United States,Sioux Falls,South Dakota,57103,Central,Furniture,182.94,3,0,27.441
2327,CA-2015-105102,9/15/2015,9/19/2015,Second Class,Corporate,United States,New York City,New York,10035,East,Furniture,46.384,1,0.2,1.1596
2330,US-2015-147739,12/25/2015,12/29/2015,Standard Class,Corporate,United States,Philadelphia,Pennsylvania,19140,East,Furniture,547.136,4,0.2,-68.392
2342,US-2014-143231,12/31/2014,01-03-2015,First Class,Home Office,United States,Franklin,Massachusetts,2038,East,Furniture,63.2,5,0,23.384
2348,CA-2016-159373,3/13/2016,3/18/2016,Standard Class,Consumer,United States,San Antonio,Texas,78207,Central,Furniture,557.585,5,0.3,0
2354,CA-2015-111514,8/31/2015,09-02-2015,First Class,Corporate,United States,San Francisco,California,94122,West,Furniture,1552.831,7,0.15,200.9546
2358,US-2014-148838,3/17/2014,3/21/2014,Standard Class,Corporate,United States,New York City,New York,10024,East,Furniture,1579.746,7,0.4,-447.5947
2359,US-2014-148838,3/17/2014,3/21/2014,Standard Class,Corporate,United States,New York City,New York,10024,East,Furniture,1071.576,4,0.4,-553.6476
2360,US-2014-148838,3/17/2014,3/21/2014,Standard Class,Corporate,United States,New York City,New York,10024,East,Furniture,613.908,3,0.4,-122.7816
2364,US-2016-108637,3/13/2016,3/18/2016,Standard Class,Home Office,United States,Waynesboro,Virginia,22980,South,Furniture,127.88,2,0,40.9216
2367,CA-2014-102295,11/24/2014,11/26/2014,Second Class,Consumer,United States,Sacramento,California,95823,West,Furniture,120.712,1,0.2,-18.1068
2369,US-2016-129469,9/23/2016,9/27/2016,Standard Class,Corporate,United States,Fairfield,Ohio,45014,East,Furniture,532.704,6,0.2,-26.6352
2372,CA-2016-159940,07-07-2016,07-11-2016,Second Class,Corporate,United States,Aurora,Illinois,60505,Central,Furniture,60.288,8,0.6,-27.1296
2375,CA-2016-159940,07-07-2016,07-11-2016,Second Class,Corporate,United States,Aurora,Illinois,60505,Central,Furniture,253.372,2,0.3,-14.4784
2382,CA-2016-118052,05-06-2016,05-10-2016,Standard Class,Home Office,United States,Lorain,Ohio,44052,East,Furniture,54.712,7,0.2,11.6263
2393,US-2015-127040,12-06-2015,12-10-2015,Standard Class,Consumer,United States,New York City,New York,10009,East,Furniture,113.92,4,0,42.1504
2404,US-2016-110170,9/27/2016,10-03-2016,Standard Class,Corporate,United States,Huntsville,Texas,77340,Central,Furniture,956.6648,7,0.32,-225.0976
2410,CA-2017-155985,3/23/2017,3/25/2017,First Class,Home Office,United States,San Francisco,California,94122,West,Furniture,211.84,8,0,76.2624
2414,CA-2014-151295,11-12-2014,11/16/2014,Standard Class,Consumer,United States,Los Angeles,California,90045,West,Furniture,629.064,3,0.2,31.4532
2415,CA-2016-156300,12/29/2016,01-02-2017,Standard Class,Consumer,United States,Milwaukee,Wisconsin,53209,Central,Furniture,754.45,5,0,60.356
2416,CA-2015-146087,07-06-2015,07-11-2015,Standard Class,Home Office,United States,Holyoke,Massachusetts,1040,East,Furniture,301.96,2,0,60.392
2426,US-2017-147669,12/25/2017,12/30/2017,Standard Class,Consumer,United States,Fairfield,Ohio,45014,East,Furniture,273.06,2,0.4,-104.673
2430,CA-2016-169922,06-11-2016,6/17/2016,Standard Class,Corporate,United States,Arlington,Texas,76017,Central,Furniture,12.544,7,0.6,-9.0944
2432,CA-2017-129805,12/28/2017,01-02-2018,Standard Class,Corporate,United States,Seattle,Washington,98103,West,Furniture,7.4,2,0,3.034
2433,CA-2014-148586,3/25/2014,04-01-2014,Standard Class,Consumer,United States,New York City,New York,10009,East,Furniture,366.786,7,0.1,65.2064
2437,CA-2017-140053,07-03-2017,07-10-2017,Standard Class,Consumer,United States,Farmington,New Mexico,87401,West,Furniture,545.85,9,0,114.6285
2438,CA-2014-164210,11/18/2014,11/20/2014,Second Class,Consumer,United States,Louisville,Colorado,80027,West,Furniture,145.98,2,0.5,-99.2664
2440,CA-2017-139948,7/17/2017,7/22/2017,Standard Class,Consumer,United States,Tampa,Florida,33614,South,Furniture,7.904,2,0.2,2.1736
2442,CA-2016-146934,5/22/2016,5/27/2016,Standard Class,Consumer,United States,Passaic,New Jersey,7055,East,Furniture,174.286,2,0.3,-19.9184
2448,CA-2016-119165,10/31/2016,11-06-2016,Standard Class,Consumer,United States,Philadelphia,Pennsylvania,19143,East,Furniture,492.835,5,0.3,-14.081
2471,US-2016-135923,1/22/2016,1/28/2016,Standard Class,Consumer,United States,Fayetteville,North Carolina,28314,South,Furniture,14.272,8,0.2,4.2816
2472,US-2016-135923,1/22/2016,1/28/2016,Standard Class,Consumer,United States,Fayetteville,North Carolina,28314,South,Furniture,451.136,4,0.2,-67.6704
2474,CA-2016-114972,11-03-2016,11-06-2016,First Class,Consumer,United States,Los Angeles,California,90032,West,Furniture,217.584,2,0.2,-29.9178
2478,CA-2017-102750,09-04-2017,09-08-2017,Second Class,Corporate,United States,Los Angeles,California,90036,West,Furniture,1322.352,3,0.2,-99.1764
2484,CA-2017-126067,8/28/2017,09-03-2017,Standard Class,Home Office,United States,Seattle,Washington,98105,West,Furniture,1137.75,5,0,250.305
2494,CA-2016-146206,09-10-2016,9/14/2016,Second Class,Consumer,United States,Houston,Texas,77095,Central,Furniture,300.93,5,0.3,-34.392
2496,CA-2014-136644,6/16/2014,6/22/2014,Standard Class,Consumer,United States,Mishawaka,Indiana,46544,Central,Furniture,647.84,8,0,32.392
2507,CA-2014-143917,7/25/2014,7/27/2014,Second Class,Consumer,United States,San Francisco,California,94122,West,Furniture,77.92,8,0,34.2848
2515,CA-2016-124506,11-11-2016,11/17/2016,Standard Class,Corporate,United States,Chicago,Illinois,60623,Central,Furniture,47.992,2,0.3,-2.0568
2518,CA-2017-123134,05-02-2017,05-07-2017,Standard Class,Corporate,United States,Westfield,New Jersey,7090,East,Furniture,129.93,3,0,12.993
2537,CA-2015-168746,1/27/2015,1/29/2015,Second Class,Consumer,United States,Cleveland,Ohio,44105,East,Furniture,181.986,2,0.3,-54.5958
2540,CA-2015-113404,7/16/2015,7/16/2015,Same Day,Corporate,United States,San Francisco,California,94122,West,Furniture,1348.704,6,0.2,-219.1644
2541,CA-2015-113404,7/16/2015,7/16/2015,Same Day,Corporate,United States,San Francisco,California,94122,West,Furniture,700.152,3,0.2,78.7671
2542,CA-2016-144792,4/30/2016,05-04-2016,Standard Class,Corporate,United States,Scottsdale,Arizona,85254,West,Furniture,111.888,7,0.2,22.3776
2544,US-2016-114174,09-08-2016,9/14/2016,Standard Class,Home Office,United States,Malden,Massachusetts,2148,East,Furniture,173.94,3,0,13.9152
2547,CA-2017-108070,4/16/2017,4/20/2017,Standard Class,Consumer,United States,San Jose,California,95123,West,Furniture,102.833,1,0.15,-6.049
2552,CA-2017-101042,11/19/2017,11/23/2017,Standard Class,Consumer,United States,Henderson,Kentucky,42420,South,Furniture,821.88,6,0,213.6888
2557,US-2016-126844,10-08-2016,10/14/2016,Standard Class,Corporate,United States,Houston,Texas,77070,Central,Furniture,51.712,8,0.6,-32.32
2559,CA-2015-147788,5/31/2015,06-04-2015,Standard Class,Consumer,United States,Orem,Utah,84057,West,Furniture,1406.86,7,0,140.686
2568,CA-2017-123967,11-01-2017,11-03-2017,Second Class,Consumer,United States,Bellingham,Washington,98226,West,Furniture,2665.62,9,0,239.9058
2574,CA-2017-145128,07-09-2017,7/14/2017,Standard Class,Home Office,United States,Lafayette,Indiana,47905,Central,Furniture,526.45,5,0,31.587
2579,US-2014-155502,1/26/2014,1/31/2014,Standard Class,Home Office,United States,Alexandria,Virginia,22304,South,Furniture,62.82,3,0,30.7818
2584,US-2014-155502,1/26/2014,1/31/2014,Standard Class,Home Office,United States,Alexandria,Virginia,22304,South,Furniture,12.42,3,0,4.4712
2588,CA-2017-131695,6/30/2017,07-06-2017,Standard Class,Consumer,United States,New York City,New York,10024,East,Furniture,22.23,1,0,9.7812
2591,US-2016-115455,09-08-2016,9/14/2016,Standard Class,Consumer,United States,Wheeling,Illinois,60090,Central,Furniture,14.136,2,0.6,-7.7748
2592,US-2016-115455,09-08-2016,9/14/2016,Standard Class,Consumer,United States,Wheeling,Illinois,60090,Central,Furniture,601.47,3,0.5,-300.735
2604,CA-2016-165848,06-04-2016,06-04-2016,Same Day,Consumer,United States,New York City,New York,10035,East,Furniture,136.784,1,0.2,5.1294
2605,CA-2016-165848,06-04-2016,06-04-2016,Same Day,Consumer,United States,New York City,New York,10035,East,Furniture,61.12,4,0,20.7808
2610,CA-2014-127446,11/25/2014,11/30/2014,Standard Class,Corporate,United States,Arlington,Texas,76017,Central,Furniture,1218.735,5,0.3,-121.8735
2613,CA-2014-127446,11/25/2014,11/30/2014,Standard Class,Corporate,United States,Arlington,Texas,76017,Central,Furniture,6.096,3,0.6,-3.9624
2614,CA-2016-137204,4/28/2016,05-05-2016,Standard Class,Corporate,United States,Los Angeles,California,90045,West,Furniture,41.568,2,0.2,2.598
2615,CA-2014-147298,4/26/2014,05-03-2014,Standard Class,Corporate,United States,Los Angeles,California,90049,West,Furniture,230.28,3,0.2,23.028
2632,US-2017-110604,5/15/2017,5/20/2017,Standard Class,Consumer,United States,Seattle,Washington,98103,West,Furniture,39.96,2,0,17.1828
2633,US-2017-110604,5/15/2017,5/20/2017,Standard Class,Consumer,United States,Seattle,Washington,98103,West,Furniture,42.624,2,0.2,4.2624
2634,US-2017-110604,5/15/2017,5/20/2017,Standard Class,Consumer,United States,Seattle,Washington,98103,West,Furniture,220.96,1,0.2,24.858
2635,CA-2015-116750,07-05-2015,07-10-2015,Second Class,Corporate,United States,Fayetteville,North Carolina,28314,South,Furniture,4.928,2,0.2,0.7392
2641,CA-2017-108441,06-12-2017,6/18/2017,Standard Class,Consumer,United States,New York City,New York,10035,East,Furniture,858.24,4,0.1,143.04
2645,CA-2016-149111,4/17/2016,4/21/2016,Second Class,Home Office,United States,Raleigh,North Carolina,27604,South,Furniture,18.624,8,0.2,6.2856
2646,CA-2014-131002,09-07-2014,09-12-2014,Second Class,Consumer,United States,Tulsa,Oklahoma,74133,Central,Furniture,57.69,3,0,23.6529
2649,CA-2014-131002,09-07-2014,09-12-2014,Second Class,Consumer,United States,Tulsa,Oklahoma,74133,Central,Furniture,821.88,6,0,213.6888
2651,US-2016-146794,9/26/2016,10-01-2016,Standard Class,Corporate,United States,Hesperia,California,92345,West,Furniture,424.9575,5,0.15,19.998
2655,CA-2017-112515,9/17/2017,9/21/2017,Second Class,Corporate,United States,Provo,Utah,84604,West,Furniture,1292.94,3,0,77.5764
2660,CA-2015-135538,12/24/2015,12/28/2015,Standard Class,Corporate,United States,Gilbert,Arizona,85234,West,Furniture,883.84,4,0.2,99.432
2665,CA-2016-164784,05-01-2016,05-04-2016,First Class,Consumer,United States,Memphis,Tennessee,38109,South,Furniture,370.62,3,0.4,-142.071
2669,US-2015-139759,8/25/2015,8/30/2015,Standard Class,Home Office,United States,Los Angeles,California,90045,West,Furniture,40.784,1,0.2,4.5882
2672,CA-2014-126403,09-09-2014,09-12-2014,Second Class,Corporate,United States,Lowell,Massachusetts,1852,East,Furniture,785.88,6,0,212.1876
2694,CA-2016-138079,1/22/2016,1/28/2016,Standard Class,Corporate,United States,Seattle,Washington,98115,West,Furniture,109.9,5,0,37.366
2695,CA-2014-143182,10/15/2014,10/20/2014,Standard Class,Consumer,United States,Hialeah,Florida,33012,South,Furniture,15.384,1,0.2,4.0383
2701,CA-2014-145317,3/18/2014,3/23/2014,Standard Class,Home Office,United States,Jacksonville,Florida,32216,South,Furniture,30.768,2,0.2,8.0766
2703,CA-2014-145317,3/18/2014,3/23/2014,Standard Class,Home Office,United States,Jacksonville,Florida,32216,South,Furniture,122.352,3,0.2,15.294
2709,CA-2015-121797,1/30/2015,02-06-2015,Standard Class,Consumer,United States,Los Angeles,California,90049,West,Furniture,227.36,7,0,81.8496
2712,CA-2017-132430,10-09-2017,10-11-2017,First Class,Corporate,United States,Lakewood,Ohio,44107,East,Furniture,45.888,4,0.2,9.1776
2720,CA-2014-110030,12-06-2014,12-08-2014,Second Class,Consumer,United States,Houston,Texas,77095,Central,Furniture,23.976,3,0.6,-14.3856
2727,CA-2017-149888,11-07-2017,11/13/2017,Standard Class,Consumer,United States,Philadelphia,Pennsylvania,19120,East,Furniture,350.352,4,0.4,-140.1408
2732,CA-2017-104801,2/13/2017,2/19/2017,Standard Class,Consumer,United States,Seattle,Washington,98105,West,Furniture,107.53,1,0,21.506
2738,CA-2015-115798,11/13/2015,11/19/2015,Standard Class,Consumer,United States,Newark,Delaware,19711,East,Furniture,299.97,3,0,56.9943
2743,CA-2014-149244,11-04-2014,11-08-2014,Standard Class,Consumer,United States,San Diego,California,92037,West,Furniture,35.34,2,0,13.4292
2744,CA-2015-140144,6/20/2015,6/25/2015,Second Class,Corporate,United States,San Francisco,California,94122,West,Furniture,257.64,6,0,100.4796
2747,CA-2014-155887,05-12-2014,5/17/2014,Standard Class,Consumer,United States,Franklin,Massachusetts,2038,East,Furniture,700.056,3,0.3,-130.0104
2750,US-2014-141257,06-08-2014,6/14/2014,Standard Class,Consumer,United States,Seattle,Washington,98115,West,Furniture,585.552,3,0.2,73.194
2752,CA-2014-158029,5/26/2014,5/30/2014,Standard Class,Consumer,United States,Los Angeles,California,90008,West,Furniture,225.296,2,0.2,22.5296
2759,CA-2016-146171,03-11-2016,3/15/2016,Standard Class,Home Office,United States,Columbus,Georgia,31907,South,Furniture,76.92,4,0,31.5372
2773,CA-2017-158967,12-10-2017,12-12-2017,First Class,Consumer,United States,Fort Lauderdale,Florida,33311,South,Furniture,19.104,3,0.2,5.7312
2778,CA-2015-138534,7/17/2015,7/19/2015,Second Class,Consumer,United States,Bakersfield,California,93309,West,Furniture,195.466,2,0.15,-13.7976
2779,CA-2017-108322,4/30/2017,05-05-2017,Standard Class,Corporate,United States,Pompano Beach,Florida,33068,South,Furniture,23.68,8,0.2,6.216
2786,CA-2015-149972,9/21/2015,9/23/2015,First Class,Home Office,United States,Los Angeles,California,90036,West,Furniture,601.536,4,0.2,0
2788,US-2014-117744,12-02-2014,12-06-2014,Standard Class,Corporate,United States,Corpus Christi,Texas,78415,Central,Furniture,58.36,5,0.6,-24.803
2790,US-2014-117744,12-02-2014,12-06-2014,Standard Class,Corporate,United States,Corpus Christi,Texas,78415,Central,Furniture,39.96,5,0.6,-23.976
2797,CA-2014-154599,04-12-2014,4/17/2014,Standard Class,Corporate,United States,Redondo Beach,California,90278,West,Furniture,308.499,3,0.15,-18.147
2803,CA-2017-143329,11-03-2017,11-08-2017,Standard Class,Consumer,United States,Las Cruces,New Mexico,88001,West,Furniture,41.37,3,0,17.3754
2806,CA-2015-122623,09-07-2015,09-11-2015,Standard Class,Consumer,United States,El Paso,Texas,79907,Central,Furniture,47.516,2,0.3,-2.0364
2809,CA-2015-148635,7/25/2015,7/27/2015,Second Class,Consumer,United States,Seattle,Washington,98115,West,Furniture,704.9,5,0,56.392
2810,CA-2015-148635,7/25/2015,7/27/2015,Second Class,Consumer,United States,Seattle,Washington,98115,West,Furniture,561.568,2,0.2,28.0784
2812,CA-2015-135685,11/16/2015,11/18/2015,Second Class,Home Office,United States,Milwaukee,Wisconsin,53209,Central,Furniture,185.58,6,0,76.0878
2813,CA-2015-135685,11/16/2015,11/18/2015,Second Class,Home Office,United States,Milwaukee,Wisconsin,53209,Central,Furniture,214.11,3,0,36.3987
2815,CA-2015-135685,11/16/2015,11/18/2015,Second Class,Home Office,United States,Milwaukee,Wisconsin,53209,Central,Furniture,653.55,3,0,111.1035
2817,CA-2015-104626,09-01-2015,09-08-2015,Standard Class,Home Office,United States,Franklin,Massachusetts,2038,East,Furniture,60.74,1,0,15.185
2818,CA-2015-104626,09-01-2015,09-08-2015,Standard Class,Home Office,United States,Franklin,Massachusetts,2038,East,Furniture,124.36,2,0,27.3592
2821,CA-2016-160500,05-05-2016,05-08-2016,First Class,Consumer,United States,Encinitas,California,92024,West,Furniture,298.776,3,0.2,7.4694
2826,US-2014-112914,9/25/2014,9/30/2014,Standard Class,Home Office,United States,Houston,Texas,77041,Central,Furniture,300.5328,2,0.32,-97.2312
2841,US-2014-125521,3/14/2014,3/19/2014,Standard Class,Home Office,United States,Chesapeake,Virginia,23320,South,Furniture,1139.92,4,0,284.98
2845,US-2016-162852,12/27/2016,12/31/2016,Standard Class,Corporate,United States,Woodstock,Illinois,60098,Central,Furniture,845.488,8,0.3,-12.0784
2848,CA-2017-157854,04-08-2017,4/15/2017,Standard Class,Corporate,United States,Roswell,Georgia,30076,South,Furniture,56.28,6,0,15.7584
2853,CA-2016-136371,3/19/2016,3/21/2016,Second Class,Consumer,United States,Oceanside,New York,11572,East,Furniture,14.98,1,0,6.8908
2854,CA-2016-136371,3/19/2016,3/21/2016,Second Class,Consumer,United States,Oceanside,New York,11572,East,Furniture,20.32,4,0,6.9088
2857,CA-2016-128594,8/26/2016,8/29/2016,First Class,Corporate,United States,San Diego,California,92037,West,Furniture,1603.136,4,0.2,100.196
2858,CA-2016-154690,8/15/2016,8/17/2016,Second Class,Consumer,United States,Fayetteville,North Carolina,28314,South,Furniture,225.296,2,0.2,22.5296
2861,CA-2017-138975,5/19/2017,5/23/2017,Standard Class,Consumer,United States,Atlanta,Georgia,30318,South,Furniture,1628.82,9,0,374.6286
2870,CA-2017-143861,06-12-2017,6/19/2017,Standard Class,Consumer,United States,Saint Petersburg,Florida,33710,South,Furniture,17.088,2,0.2,1.068
2872,CA-2014-148040,3/22/2014,3/26/2014,Standard Class,Corporate,United States,Tucson,Arizona,85705,West,Furniture,314.352,3,0.2,-35.3646
2876,US-2016-167339,1/21/2016,1/23/2016,Second Class,Consumer,United States,San Diego,California,92037,West,Furniture,153.568,2,0.2,-5.7588
2877,US-2016-167339,1/21/2016,1/23/2016,Second Class,Consumer,United States,San Diego,California,92037,West,Furniture,1013.488,7,0.2,76.0116
2884,CA-2016-130799,11-11-2016,11/16/2016,Second Class,Consumer,United States,San Francisco,California,94110,West,Furniture,6.96,4,0,2.2272
2886,US-2016-159856,10/18/2016,10/22/2016,Standard Class,Consumer,United States,Tempe,Arizona,85281,West,Furniture,307.92,5,0.2,-34.641
2891,CA-2014-142727,4/29/2014,05-01-2014,Second Class,Consumer,United States,Lake Charles,Louisiana,70601,South,Furniture,51.96,2,0,12.99
2895,CA-2017-139913,10/23/2017,10/29/2017,Standard Class,Corporate,United States,Rochester,New York,14609,East,Furniture,69.08,11,0,29.0136
2899,US-2015-114839,4/26/2015,4/30/2015,Standard Class,Consumer,United States,Houston,Texas,77036,Central,Furniture,408.422,2,0.3,-5.8346
2905,CA-2016-153577,6/27/2016,07-01-2016,Standard Class,Corporate,United States,Highland Park,Illinois,60035,Central,Furniture,539.658,3,0.3,-7.7094
2920,CA-2016-160129,11/23/2016,11/23/2016,Same Day,Corporate,United States,Philadelphia,Pennsylvania,19140,East,Furniture,14.368,2,0.2,3.9512
2921,CA-2016-160129,11/23/2016,11/23/2016,Same Day,Corporate,United States,Philadelphia,Pennsylvania,19140,East,Furniture,70.448,7,0.2,12.3284
2926,CA-2014-157721,09-02-2014,09-05-2014,First Class,Consumer,United States,Watertown,New York,13601,East,Furniture,70.71,1,0,4.9497
2927,CA-2017-128629,07-10-2017,7/14/2017,Second Class,Consumer,United States,Columbus,Georgia,31907,South,Furniture,18.84,3,0,7.9128
2930,CA-2017-143434,11/18/2017,11/24/2017,Standard Class,Home Office,United States,Saginaw,Michigan,48601,Central,Furniture,19.76,4,0,8.2992
2933,CA-2015-168564,08-08-2015,08-08-2015,Same Day,Consumer,United States,San Francisco,California,94109,West,Furniture,144.784,1,0.2,10.8588
2941,CA-2017-155880,3/25/2017,3/31/2017,Standard Class,Corporate,United States,Milwaukee,Wisconsin,53209,Central,Furniture,90.99,1,0,14.5584
2942,CA-2017-155880,3/25/2017,3/31/2017,Standard Class,Corporate,United States,Milwaukee,Wisconsin,53209,Central,Furniture,1526.56,7,0,427.4368
2943,CA-2017-155880,3/25/2017,3/31/2017,Standard Class,Corporate,United States,Milwaukee,Wisconsin,53209,Central,Furniture,368.97,3,0,40.5867
2945,CA-2017-126242,11/19/2017,11/24/2017,Standard Class,Consumer,United States,Los Angeles,California,90049,West,Furniture,18.7,1,0,7.106
2946,CA-2016-166443,11-04-2016,11-05-2016,First Class,Consumer,United States,San Francisco,California,94122,West,Furniture,38.29,7,0,16.4647
2947,CA-2017-169859,12/14/2017,12/18/2017,Standard Class,Home Office,United States,San Diego,California,92024,West,Furniture,26.25,3,0,11.025
2952,CA-2017-134915,11-12-2017,11-12-2017,Same Day,Home Office,United States,Glendale,Arizona,85301,West,Furniture,113.888,2,0.2,9.9652
2953,CA-2017-134915,11-12-2017,11-12-2017,Same Day,Home Office,United States,Glendale,Arizona,85301,West,Furniture,113.568,2,0.2,-5.6784
2957,CA-2017-123638,6/27/2017,07-04-2017,Standard Class,Home Office,United States,Watertown,New York,13601,East,Furniture,191.646,3,0.1,31.941
2963,CA-2017-137428,12/16/2017,12/21/2017,Second Class,Corporate,United States,Oceanside,California,92054,West,Furniture,81.568,2,0.2,9.1764
2964,CA-2017-137428,12/16/2017,12/21/2017,Second Class,Corporate,United States,Oceanside,California,92054,West,Furniture,97.184,2,0.2,6.074
2966,CA-2017-137428,12/16/2017,12/21/2017,Second Class,Corporate,United States,Oceanside,California,92054,West,Furniture,18.96,2,0,7.584
2967,CA-2014-162866,12/27/2014,12/31/2014,Standard Class,Consumer,United States,Skokie,Illinois,60076,Central,Furniture,32.952,6,0.6,-19.7712
2972,CA-2017-167941,11-06-2017,11-09-2017,Second Class,Consumer,United States,Fayetteville,North Carolina,28314,South,Furniture,28.272,2,0.2,6.3612
2975,CA-2015-137512,05-07-2015,05-12-2015,Standard Class,Consumer,United States,Allen,Texas,75002,Central,Furniture,244.006,2,0.3,-31.3722
2977,CA-2017-139773,12-04-2017,12-04-2017,Same Day,Corporate,United States,Philadelphia,Pennsylvania,19143,East,Furniture,188.552,7,0.3,-2.6936
2979,CA-2014-109232,1/13/2014,1/16/2014,Second Class,Consumer,United States,Mount Pleasant,South Carolina,29464,South,Furniture,545.94,6,0,87.3504
2981,CA-2015-139850,06-12-2015,6/17/2015,Standard Class,Consumer,United States,Philadelphia,Pennsylvania,19134,East,Furniture,43.296,2,0.2,4.3296
2982,CA-2014-131310,07-12-2014,7/18/2014,Standard Class,Consumer,United States,Seattle,Washington,98115,West,Furniture,123.136,4,0.2,13.8528
2985,US-2014-112872,12-06-2014,12-11-2014,Second Class,Consumer,United States,Springfield,Oregon,97477,West,Furniture,275.49,1,0.5,-170.8038
2986,CA-2016-139269,5/25/2016,5/30/2016,Standard Class,Home Office,United States,Columbus,Georgia,31907,South,Furniture,24.96,4,0,6.24
2998,CA-2014-138317,6/21/2014,6/25/2014,Standard Class,Consumer,United States,Philadelphia,Pennsylvania,19120,East,Furniture,3.984,1,0.2,0.6474
3009,CA-2016-124772,12-05-2016,12-06-2016,First Class,Consumer,United States,Murray,Kentucky,42071,South,Furniture,191.82,3,0,74.8098
3016,US-2015-138919,9/17/2015,9/21/2015,Standard Class,Home Office,United States,New York City,New York,10035,East,Furniture,344.22,2,0.4,-103.266
3018,US-2016-160528,8/23/2016,8/30/2016,Standard Class,Home Office,United States,Pharr,Texas,78577,Central,Furniture,22.608,3,0.6,-10.1736
3022,CA-2015-123568,11-08-2015,11/14/2015,Standard Class,Consumer,United States,West Jordan,Utah,84084,West,Furniture,66.69,3,0,22.0077
3024,CA-2017-124674,11/17/2017,11/23/2017,Standard Class,Consumer,United States,Brownsville,Texas,78521,Central,Furniture,327.7328,2,0.32,-14.4588
3027,CA-2017-169054,4/22/2017,4/26/2017,Standard Class,Home Office,United States,Philadelphia,Pennsylvania,19140,East,Furniture,254.352,3,0.2,0
3029,CA-2017-116855,12/17/2017,12/21/2017,Standard Class,Consumer,United States,Chesapeake,Virginia,23320,South,Furniture,504.9,5,0,80.784
3031,CA-2015-168480,9/21/2015,9/27/2015,Standard Class,Corporate,United States,Lincoln Park,Michigan,48146,Central,Furniture,194.32,4,0,31.0912
3033,US-2016-114293,11/21/2016,11/26/2016,Standard Class,Consumer,United States,Gresham,Oregon,97030,West,Furniture,195.136,4,0.2,-12.196
3039,US-2015-123960,06-11-2015,6/16/2015,Standard Class,Consumer,United States,Monroe,Louisiana,71203,South,Furniture,29.16,2,0,10.7892
3040,CA-2017-101749,10-03-2017,10-08-2017,Standard Class,Corporate,United States,Pasadena,California,91104,West,Furniture,171.288,3,0.2,-6.4233
3041,US-2016-147991,05-05-2016,05-09-2016,Standard Class,Consumer,United States,Chattanooga,Tennessee,37421,South,Furniture,16.72,5,0.2,3.344
3044,CA-2017-149559,09-11-2017,09-12-2017,Same Day,Home Office,United States,Long Beach,California,90805,West,Furniture,2054.272,8,0.2,256.784
3049,CA-2017-121419,04-02-2017,04-04-2017,First Class,Home Office,United States,Columbus,Georgia,31907,South,Furniture,411.8,2,0,70.006
3051,US-2017-148054,10-06-2017,10-11-2017,Standard Class,Home Office,United States,Meridian,Idaho,83642,West,Furniture,41.96,2,0,2.9372
3059,CA-2017-131492,10/19/2017,10/24/2017,Second Class,Corporate,United States,San Francisco,California,94110,West,Furniture,30.56,2,0,10.3904
3060,CA-2017-131492,10/19/2017,10/24/2017,Second Class,Corporate,United States,San Francisco,California,94110,West,Furniture,24.368,2,0.2,-3.3506
3072,CA-2014-119375,11/17/2014,11/22/2014,Standard Class,Corporate,United States,Newark,Delaware,19711,East,Furniture,124.41,3,0,14.9292
3075,CA-2015-126137,10-03-2015,10-08-2015,Standard Class,Consumer,United States,Los Angeles,California,90032,West,Furniture,120.666,2,0.15,18.4548
3077,CA-2014-143903,7/20/2014,7/24/2014,Standard Class,Home Office,United States,Dallas,Texas,75217,Central,Furniture,16.74,5,0.6,-14.229
3078,CA-2014-143903,7/20/2014,7/24/2014,Standard Class,Home Office,United States,Dallas,Texas,75217,Central,Furniture,981.372,2,0.3,-140.196
3087,CA-2017-118773,02-09-2017,2/14/2017,Standard Class,Consumer,United States,Houston,Texas,77070,Central,Furniture,3.984,2,0.6,-2.6892
3089,US-2017-159205,3/31/2017,04-02-2017,Second Class,Home Office,United States,Henderson,Kentucky,42420,South,Furniture,61,5,0,25.62
3099,CA-2017-135692,4/27/2017,05-01-2017,Standard Class,Corporate,United States,Fort Worth,Texas,76106,Central,Furniture,220.2656,4,0.32,-42.1096
3101,CA-2017-131233,4/14/2017,4/19/2017,Standard Class,Consumer,United States,New York City,New York,10024,East,Furniture,242.352,3,0.2,9.0882
3103,CA-2017-119578,12/22/2017,12/27/2017,Second Class,Corporate,United States,Providence,Rhode Island,2908,East,Furniture,220.98,1,0,50.8254
3116,CA-2016-150350,8/23/2016,8/30/2016,Standard Class,Consumer,United States,Seattle,Washington,98105,West,Furniture,532.704,6,0.2,-39.9528
3119,CA-2015-121720,06-11-2015,06-12-2015,First Class,Corporate,United States,Lakeland,Florida,33801,South,Furniture,1123.92,5,0.2,-182.637
3121,CA-2015-121720,06-11-2015,06-12-2015,First Class,Corporate,United States,Lakeland,Florida,33801,South,Furniture,48.672,3,0.2,7.3008
3129,CA-2014-136399,12/16/2014,12/17/2014,First Class,Home Office,United States,Los Angeles,California,90049,West,Furniture,44.46,2,0,14.6718
3130,CA-2014-136399,12/16/2014,12/17/2014,First Class,Home Office,United States,Los Angeles,California,90049,West,Furniture,241.568,2,0.2,18.1176
3133,CA-2014-107916,8/24/2014,8/26/2014,First Class,Corporate,United States,Oceanside,New York,11572,East,Furniture,13.28,2,0,6.3744
3140,CA-2017-164168,11-12-2017,11/18/2017,Standard Class,Home Office,United States,Dallas,Texas,75081,Central,Furniture,22.848,3,0.6,-17.7072
3145,US-2016-148110,09-05-2016,09-11-2016,Standard Class,Corporate,United States,Austin,Texas,78745,Central,Furniture,347.802,7,0.3,-24.843
3146,CA-2017-131828,02-11-2017,2/13/2017,Second Class,Corporate,United States,Seattle,Washington,98105,West,Furniture,963.136,4,0.2,108.3528
3154,CA-2015-147830,12/15/2015,12/18/2015,First Class,Consumer,United States,Newark,Ohio,43055,East,Furniture,262.864,7,0.2,69.0018
3157,CA-2015-139584,8/24/2015,8/28/2015,Standard Class,Corporate,United States,New York City,New York,10009,East,Furniture,284.364,2,0.4,-75.8304
3168,CA-2016-146682,10/29/2016,10/31/2016,First Class,Consumer,United States,Lansing,Michigan,48911,Central,Furniture,67,5,0,32.16
3169,CA-2016-138695,5/28/2016,06-03-2016,Standard Class,Corporate,United States,Tallahassee,Florida,32303,South,Furniture,390.272,8,0.2,-24.392
3173,US-2016-133879,3/21/2016,3/28/2016,Standard Class,Consumer,United States,Chicago,Illinois,60623,Central,Furniture,528.43,5,0.3,0
3176,US-2017-132059,9/23/2017,9/29/2017,Standard Class,Consumer,United States,Fort Collins,Colorado,80525,West,Furniture,180.588,2,0.7,-240.784
3179,CA-2017-105235,12-05-2017,12-11-2017,Standard Class,Corporate,United States,New York City,New York,10011,East,Furniture,20.94,3,0,6.0726
3180,CA-2017-105235,12-05-2017,12-11-2017,Standard Class,Corporate,United States,New York City,New York,10011,East,Furniture,58.68,2,0,18.1908
3201,CA-2014-164224,5/18/2014,5/20/2014,Second Class,Consumer,United States,Akron,Ohio,44312,East,Furniture,149.232,3,0.2,3.7308
3205,CA-2014-158372,11-10-2014,11/16/2014,Standard Class,Consumer,United States,San Diego,California,92037,West,Furniture,39.88,2,0,11.1664
3207,CA-2014-158372,11-10-2014,11/16/2014,Standard Class,Consumer,United States,San Diego,California,92037,West,Furniture,53.2,5,0,14.896
3231,CA-2017-131625,09-01-2017,09-05-2017,Second Class,Consumer,United States,New York City,New York,10009,East,Furniture,114.9,5,0,39.066
3236,CA-2016-140746,1/15/2016,1/15/2016,Same Day,Consumer,United States,Fairfield,Connecticut,6824,East,Furniture,181.797,1,0.3,-15.5826
3239,US-2016-127971,11/20/2016,11/27/2016,Standard Class,Corporate,United States,Houston,Texas,77095,Central,Furniture,318.43,5,0.3,-77.333
3241,US-2016-127971,11/20/2016,11/27/2016,Standard Class,Corporate,United States,Houston,Texas,77095,Central,Furniture,7.068,3,0.6,-2.8272
3245,CA-2017-113355,12-01-2017,12-05-2017,Standard Class,Consumer,United States,Grand Prairie,Texas,75051,Central,Furniture,317.058,3,0.3,-18.1176
3249,CA-2016-159730,9/17/2016,9/21/2016,Standard Class,Home Office,United States,Seattle,Washington,98103,West,Furniture,113.888,2,0.2,9.9652
3252,CA-2017-119389,4/17/2017,4/19/2017,First Class,Consumer,United States,Philadelphia,Pennsylvania,19120,East,Furniture,60.312,3,0.2,5.2773
3258,US-2016-161844,12-09-2016,12/14/2016,Second Class,Corporate,United States,Franklin,Tennessee,37064,South,Furniture,79.974,3,0.4,-29.3238
3273,CA-2015-146038,02-09-2015,2/16/2015,Standard Class,Consumer,United States,Los Angeles,California,90049,West,Furniture,203.92,5,0.2,22.941
3284,CA-2014-159478,9/30/2014,10-06-2014,Standard Class,Corporate,United States,New York City,New York,10035,East,Furniture,15.24,3,0,5.1816
3294,CA-2014-106264,12/26/2014,12/30/2014,Standard Class,Consumer,United States,San Diego,California,92024,West,Furniture,3.48,2,0,1.1136
3303,US-2014-159926,11/18/2014,11/22/2014,Standard Class,Consumer,United States,Philadelphia,Pennsylvania,19140,East,Furniture,60.312,3,0.2,5.2773
3312,CA-2016-162747,3/20/2016,3/25/2016,Second Class,Corporate,United States,Gulfport,Mississippi,39503,South,Furniture,86.45,7,0,38.038
3313,US-2014-133130,9/27/2014,10-01-2014,Standard Class,Consumer,United States,San Diego,California,92037,West,Furniture,603.92,5,0.2,45.294
3315,CA-2017-169978,12/24/2017,12/28/2017,Standard Class,Consumer,United States,Oceanside,New York,11572,East,Furniture,271.764,2,0.1,48.3136
3317,CA-2017-161739,11-10-2017,11/15/2017,Second Class,Corporate,United States,Round Rock,Texas,78664,Central,Furniture,341.96,5,0.6,-427.45
3321,CA-2014-134551,12/20/2014,12/25/2014,Standard Class,Consumer,United States,Columbia,Tennessee,38401,South,Furniture,662.88,3,0.2,74.574
3324,CA-2015-120810,7/23/2015,7/27/2015,Standard Class,Home Office,United States,New York City,New York,10009,East,Furniture,128.82,3,0,50.2398
3334,CA-2017-122595,12/14/2017,12/20/2017,Standard Class,Home Office,United States,Chicago,Illinois,60653,Central,Furniture,2.032,1,0.6,-1.3208
3337,US-2017-109253,8/21/2017,8/22/2017,First Class,Consumer,United States,Oakland,California,94601,West,Furniture,129.92,4,0,10.3936
3338,US-2017-109253,8/21/2017,8/22/2017,First Class,Consumer,United States,Oakland,California,94601,West,Furniture,568.728,3,0.2,28.4364
3343,CA-2016-145982,8/27/2016,09-01-2016,Second Class,Consumer,United States,Quincy,Massachusetts,2169,East,Furniture,244.615,1,0.3,20.967
3352,US-2014-134733,9/23/2014,9/28/2014,Standard Class,Corporate,United States,San Diego,California,92037,West,Furniture,435.999,3,0.15,20.5176
3355,US-2014-150434,7/19/2014,7/24/2014,Standard Class,Corporate,United States,Bristol,Connecticut,6010,East,Furniture,70.56,1,0.3,-4.032
3362,US-2015-142020,06-04-2015,06-08-2015,Second Class,Home Office,United States,New York City,New York,10024,East,Furniture,35.28,3,0,11.9952
3365,CA-2016-130050,7/16/2016,7/18/2016,Second Class,Corporate,United States,Houston,Texas,77036,Central,Furniture,9.552,3,0.6,-3.8208
3366,CA-2014-115161,1/31/2014,02-02-2014,First Class,Consumer,United States,Mission Viejo,California,92691,West,Furniture,290.666,2,0.15,3.4196
3369,CA-2015-115511,11/21/2015,11/25/2015,Standard Class,Consumer,United States,Las Vegas,Nevada,89115,West,Furniture,141.96,2,0,41.1684
3374,CA-2015-161718,12-04-2015,12-10-2015,Standard Class,Consumer,United States,Hempstead,New York,11550,East,Furniture,28.44,3,0,11.376
3375,CA-2015-161718,12-04-2015,12-10-2015,Standard Class,Consumer,United States,Hempstead,New York,11550,East,Furniture,364.41,5,0.1,8.098
3377,CA-2015-161718,12-04-2015,12-10-2015,Standard Class,Consumer,United States,Hempstead,New York,11550,East,Furniture,361.764,2,0.1,68.3332
3381,CA-2017-103156,11/23/2017,11/24/2017,First Class,Consumer,United States,Philadelphia,Pennsylvania,19120,East,Furniture,24.048,9,0.2,7.2144
3384,CA-2015-130659,12-04-2015,12-09-2015,Second Class,Consumer,United States,New York City,New York,10035,East,Furniture,384.174,7,0.1,29.8802
3390,CA-2017-148404,10-07-2017,10-11-2017,Standard Class,Home Office,United States,Charlotte,North Carolina,28205,South,Furniture,154.764,3,0.4,-36.1116
3403,CA-2015-129700,05-04-2015,05-05-2015,First Class,Corporate,United States,Tinley Park,Illinois,60477,Central,Furniture,22.288,7,0.6,-8.9152
3404,CA-2017-168739,5/29/2017,06-05-2017,Standard Class,Consumer,United States,Houston,Texas,77095,Central,Furniture,65.424,4,0.6,-52.3392
3406,US-2014-150119,4/23/2014,4/27/2014,Standard Class,Home Office,United States,Columbus,Ohio,43229,East,Furniture,281.372,2,0.3,-12.0588
3407,US-2014-150119,4/23/2014,4/27/2014,Standard Class,Home Office,United States,Columbus,Ohio,43229,East,Furniture,281.372,2,0.3,-12.0588
3409,US-2014-150119,4/23/2014,4/27/2014,Standard Class,Home Office,United States,Columbus,Ohio,43229,East,Furniture,22.336,4,0.2,7.8176
3420,CA-2015-150791,09-06-2015,9/13/2015,Standard Class,Home Office,United States,New York City,New York,10024,East,Furniture,271.764,2,0.1,60.392
3427,CA-2015-153381,9/24/2015,9/28/2015,Standard Class,Home Office,United States,Dubuque,Iowa,52001,Central,Furniture,1408.1,10,0,394.268
3429,US-2017-111024,07-03-2017,07-06-2017,Second Class,Home Office,United States,Lancaster,Ohio,43130,East,Furniture,215.148,2,0.4,-103.9882
3432,CA-2017-148264,12-08-2017,12-09-2017,First Class,Consumer,United States,Inglewood,California,90301,West,Furniture,128.9,2,0,15.468
3437,US-2015-100531,9/27/2015,9/29/2015,First Class,Consumer,United States,Chicago,Illinois,60610,Central,Furniture,24.288,3,0.6,-12.7512
3438,CA-2017-152583,10/30/2017,10/30/2017,Same Day,Consumer,United States,Dallas,Texas,75217,Central,Furniture,16.192,2,0.6,-8.5008
3439,CA-2017-152583,10/30/2017,10/30/2017,Same Day,Consumer,United States,Dallas,Texas,75217,Central,Furniture,251.006,2,0.3,-68.1302
3458,CA-2017-136448,9/16/2017,9/18/2017,First Class,Consumer,United States,Philadelphia,Pennsylvania,19143,East,Furniture,22.512,3,0.2,2.2512
3467,US-2015-147242,09-10-2015,9/14/2015,Standard Class,Corporate,United States,Revere,Massachusetts,2151,East,Furniture,361.96,2,0,83.2508
3469,CA-2016-146143,12/14/2016,12/19/2016,Standard Class,Consumer,United States,Jackson,Mississippi,39212,South,Furniture,133.38,6,0,58.6872
3471,US-2016-150035,12-01-2016,12-05-2016,Standard Class,Consumer,United States,San Francisco,California,94122,West,Furniture,16.74,2,0,4.3524
3474,CA-2017-111815,03-03-2017,03-10-2017,Standard Class,Consumer,United States,Dearborn Heights,Michigan,48127,Central,Furniture,180.98,1,0,47.0548
3481,CA-2016-131289,12-08-2016,12/14/2016,Standard Class,Corporate,United States,San Francisco,California,94110,West,Furniture,1421.664,6,0.2,-195.4788
3482,CA-2014-124023,04-07-2014,04-10-2014,First Class,Consumer,United States,Mobile,Alabama,36608,South,Furniture,8.96,2,0,2.7776
3484,CA-2014-124688,8/27/2014,8/29/2014,First Class,Corporate,United States,Springfield,Virginia,22153,South,Furniture,29.12,4,0,12.5216
3485,CA-2014-124688,8/27/2014,8/29/2014,First Class,Corporate,United States,Springfield,Virginia,22153,South,Furniture,1202.94,3,0,300.735
3489,CA-2015-157322,07-02-2015,07-06-2015,Standard Class,Consumer,United States,Carol Stream,Illinois,60188,Central,Furniture,408.422,2,0.3,-5.8346
3490,CA-2015-157322,07-02-2015,07-06-2015,Standard Class,Consumer,United States,Carol Stream,Illinois,60188,Central,Furniture,382.116,6,0.3,-92.7996
3496,CA-2017-142034,9/24/2017,9/28/2017,Standard Class,Corporate,United States,Saint Cloud,Minnesota,56301,Central,Furniture,603.92,4,0,181.176
3497,CA-2016-107328,08-08-2016,8/15/2016,Standard Class,Home Office,United States,Los Angeles,California,90036,West,Furniture,513.024,2,0.2,12.8256
3508,CA-2014-166863,6/20/2014,6/24/2014,Standard Class,Consumer,United States,Plano,Texas,75023,Central,Furniture,193.0656,4,0.32,-19.8744
3513,CA-2017-140326,09-04-2017,09-06-2017,First Class,Corporate,United States,Chicago,Illinois,60653,Central,Furniture,825.174,9,0.3,-117.882
3520,CA-2015-124975,6/22/2015,6/25/2015,First Class,Home Office,United States,Aurora,Illinois,60505,Central,Furniture,796.425,7,0.5,-525.6405
3542,CA-2016-157511,9/18/2016,9/20/2016,First Class,Consumer,United States,Columbus,Ohio,43229,East,Furniture,5.352,3,0.2,1.6056
3543,CA-2016-157511,9/18/2016,9/20/2016,First Class,Consumer,United States,Columbus,Ohio,43229,East,Furniture,99.372,2,0.3,-7.098
3549,CA-2017-155292,10/30/2017,11-01-2017,First Class,Home Office,United States,Richmond,Kentucky,40475,South,Furniture,33.94,1,0,9.1638
3552,CA-2016-152555,3/29/2016,04-02-2016,Second Class,Home Office,United States,Chicago,Illinois,60653,Central,Furniture,844.116,6,0.3,-36.1764
3568,CA-2016-137176,09-09-2016,9/14/2016,Second Class,Home Office,United States,Dallas,Texas,75220,Central,Furniture,15.008,4,0.6,-12.0064
3581,CA-2016-104157,7/25/2016,7/29/2016,Standard Class,Consumer,United States,Jackson,Mississippi,39212,South,Furniture,2430.08,8,0,388.8128
3584,CA-2015-121650,12-10-2015,12/16/2015,Standard Class,Corporate,United States,Jackson,Michigan,49201,Central,Furniture,801.96,2,0,200.49
3585,CA-2015-121650,12-10-2015,12/16/2015,Standard Class,Corporate,United States,Jackson,Michigan,49201,Central,Furniture,191.96,2,0,32.6332
3599,CA-2014-102869,09-09-2014,9/14/2014,Second Class,Consumer,United States,Philadelphia,Pennsylvania,19140,East,Furniture,17.472,3,0.2,5.0232
3603,CA-2014-159835,11/17/2014,11/24/2014,Standard Class,Consumer,United States,Philadelphia,Pennsylvania,19143,East,Furniture,657.93,5,0.3,-93.99
3605,CA-2017-112956,8/21/2017,8/27/2017,Standard Class,Home Office,United States,Columbia,Maryland,21044,East,Furniture,25.16,2,0,8.5544
3606,CA-2017-112956,8/21/2017,8/27/2017,Standard Class,Home Office,United States,Columbia,Maryland,21044,East,Furniture,91.92,4,0,31.2528
3615,CA-2017-112529,11/19/2017,11/21/2017,First Class,Corporate,United States,San Antonio,Texas,78207,Central,Furniture,718.116,6,0.3,-71.8116
3623,CA-2014-159184,9/14/2014,9/19/2014,Standard Class,Consumer,United States,Macon,Georgia,31204,South,Furniture,142.4,5,0,52.688
3625,CA-2017-113530,5/19/2017,5/21/2017,Second Class,Home Office,United States,San Francisco,California,94109,West,Furniture,681.408,12,0.2,42.588
3639,CA-2016-145177,11-10-2016,11/14/2016,Standard Class,Home Office,United States,Springfield,Ohio,45503,East,Furniture,148.288,7,0.2,29.6576
3659,CA-2015-128083,03-12-2015,3/17/2015,Standard Class,Corporate,United States,Plantation,Florida,33317,South,Furniture,30.88,4,0.2,3.86
3660,CA-2015-128083,03-12-2015,3/17/2015,Standard Class,Corporate,United States,Plantation,Florida,33317,South,Furniture,6.408,3,0.2,1.4418
3675,CA-2017-154109,11-06-2017,11-11-2017,Standard Class,Consumer,United States,Philadelphia,Pennsylvania,19143,East,Furniture,127.372,2,0.3,-30.9332
3677,CA-2015-156440,12-05-2015,12-09-2015,Standard Class,Corporate,United States,San Diego,California,92105,West,Furniture,44.46,2,0,14.6718
3680,CA-2015-132626,07-09-2015,7/14/2015,Standard Class,Consumer,United States,Clinton,Maryland,20735,East,Furniture,181.96,2,0,20.0156
3694,US-2015-131359,10/30/2015,11-02-2015,Second Class,Corporate,United States,Denver,Colorado,80219,West,Furniture,15.488,4,0.2,3.6784
3698,CA-2015-151680,11/19/2015,11/21/2015,Second Class,Home Office,United States,Seattle,Washington,98115,West,Furniture,141.96,2,0,22.7136
3701,CA-2017-169411,12/24/2017,12/29/2017,Standard Class,Corporate,United States,Rochester,New York,14609,East,Furniture,37.93,1,0,6.8274
3702,CA-2016-126543,01-09-2016,1/13/2016,Second Class,Corporate,United States,Toledo,Ohio,43615,East,Furniture,15.168,2,0.2,3.792
3708,CA-2014-120544,11/23/2014,11/27/2014,Standard Class,Corporate,United States,Mesquite,Texas,75150,Central,Furniture,6.368,2,0.6,-2.5472
3711,CA-2017-113670,10/15/2017,10/17/2017,First Class,Corporate,United States,Los Angeles,California,90045,West,Furniture,510.24,3,0.2,6.378
3714,CA-2017-166198,4/21/2017,4/24/2017,First Class,Consumer,United States,Seattle,Washington,98103,West,Furniture,162.6,3,0,34.146
3716,CA-2014-135608,12-08-2014,12-10-2014,Second Class,Consumer,United States,Olympia,Washington,98502,West,Furniture,603.92,5,0.2,45.294
3721,CA-2016-151155,12/20/2016,12/24/2016,Standard Class,Home Office,United States,Jackson,Mississippi,39212,South,Furniture,18.92,4,0,7.3788
3736,CA-2017-168193,03-06-2017,03-11-2017,Second Class,Consumer,United States,New York City,New York,10011,East,Furniture,71.97,3,0,16.5531
3747,CA-2016-149979,9/23/2016,9/28/2016,Second Class,Consumer,United States,Columbus,Georgia,31907,South,Furniture,368.97,3,0,81.1734
3748,CA-2017-161956,8/27/2017,8/29/2017,Second Class,Corporate,United States,Inglewood,California,90301,West,Furniture,198.46,2,0,99.23
3752,CA-2017-161956,8/27/2017,8/29/2017,Second Class,Corporate,United States,Inglewood,California,90301,West,Furniture,230.28,3,0.2,23.028
3757,CA-2016-116799,03-03-2016,03-06-2016,First Class,Corporate,United States,Odessa,Texas,79762,Central,Furniture,563.43,5,0.3,-56.343
3761,CA-2015-167745,9/18/2015,9/23/2015,Standard Class,Corporate,United States,Los Angeles,California,90049,West,Furniture,24.4,2,0,10.248
3763,CA-2016-156251,8/13/2016,8/18/2016,Second Class,Corporate,United States,West Allis,Wisconsin,53214,Central,Furniture,241.96,2,0,24.196
3766,CA-2016-163153,3/21/2016,3/25/2016,Standard Class,Corporate,United States,Houston,Texas,77036,Central,Furniture,99.372,2,0.3,-1.4196
3769,CA-2014-153913,12/16/2014,12/20/2014,Second Class,Corporate,United States,Hialeah,Florida,33012,South,Furniture,1013.832,9,0.2,101.3832
3771,CA-2016-155530,12/17/2016,12/21/2016,Standard Class,Consumer,United States,San Francisco,California,94122,West,Furniture,2003.52,6,0.2,-325.572
3778,CA-2015-107937,05-03-2015,05-08-2015,Standard Class,Home Office,United States,Chula Vista,California,91911,West,Furniture,665.88,6,0,106.5408
3796,US-2014-117163,1/27/2014,02-02-2014,Standard Class,Consumer,United States,San Diego,California,92037,West,Furniture,333,3,0.2,-16.65
3799,CA-2017-147760,11-04-2017,11-05-2017,First Class,Corporate,United States,Greensboro,North Carolina,27405,South,Furniture,523.764,3,0.4,-192.0468
3801,CA-2016-156503,10/14/2016,10/20/2016,Standard Class,Consumer,United States,Jacksonville,North Carolina,28540,South,Furniture,102.592,1,0.2,10.2592
3810,CA-2015-113628,11-12-2015,11/19/2015,Standard Class,Corporate,United States,Plantation,Florida,33317,South,Furniture,523.92,5,0.2,-72.039
3812,CA-2015-113628,11-12-2015,11/19/2015,Standard Class,Corporate,United States,Plantation,Florida,33317,South,Furniture,146.136,3,0.2,16.4403
3817,CA-2015-102582,9/15/2015,9/19/2015,Standard Class,Consumer,United States,Mobile,Alabama,36608,South,Furniture,801.96,2,0,200.49
3819,CA-2015-102582,9/15/2015,9/19/2015,Standard Class,Consumer,United States,Mobile,Alabama,36608,South,Furniture,1056.86,7,0,306.4894
3821,CA-2017-141873,10-09-2017,10/14/2017,Standard Class,Consumer,United States,New York City,New York,10024,East,Furniture,314.352,3,0.2,-15.7176
3828,CA-2017-141733,05-07-2017,05-11-2017,Standard Class,Corporate,United States,Detroit,Michigan,48234,Central,Furniture,1458.65,5,0,423.0085
3829,CA-2017-141733,05-07-2017,05-11-2017,Standard Class,Corporate,United States,Detroit,Michigan,48234,Central,Furniture,26.64,1,0,7.4592
3830,CA-2017-141733,05-07-2017,05-11-2017,Standard Class,Corporate,United States,Detroit,Michigan,48234,Central,Furniture,476.8,2,0,119.2
3832,US-2015-111927,11/14/2015,11/19/2015,Standard Class,Consumer,United States,Dover,Delaware,19901,East,Furniture,76.14,3,0,26.649
3835,CA-2014-105984,11/24/2014,11/24/2014,Same Day,Corporate,United States,Columbus,Ohio,43229,East,Furniture,611.058,3,0.3,-34.9176
3839,CA-2014-126760,7/26/2014,08-02-2014,Standard Class,Consumer,United States,North Las Vegas,Nevada,89031,West,Furniture,674.352,3,0.2,-109.5822
3840,CA-2014-126760,7/26/2014,08-02-2014,Standard Class,Consumer,United States,North Las Vegas,Nevada,89031,West,Furniture,134.01,9,0,36.1827
3842,US-2014-109162,06-08-2014,06-12-2014,Standard Class,Corporate,United States,Bristol,Tennessee,37620,South,Furniture,170.352,3,0.2,10.647
3846,CA-2014-101931,10/28/2014,10/31/2014,First Class,Corporate,United States,Los Angeles,California,90049,West,Furniture,616.998,6,0.15,-36.294
3852,CA-2015-127593,9/21/2015,9/21/2015,Same Day,Home Office,United States,Quincy,Massachusetts,2169,East,Furniture,85.3,2,0,14.501
3854,US-2017-131849,06-06-2017,06-10-2017,Standard Class,Home Office,United States,San Francisco,California,94122,West,Furniture,4.95,1,0,2.178
3860,CA-2017-154039,2/17/2017,2/22/2017,Standard Class,Home Office,United States,Chicago,Illinois,60653,Central,Furniture,480.96,3,0.5,-269.3376
3865,CA-2015-157133,11/28/2015,12-03-2015,Standard Class,Consumer,United States,Champaign,Illinois,61821,Central,Furniture,151.96,5,0.6,-182.352
3869,CA-2015-132486,10/23/2015,10/27/2015,Second Class,Consumer,United States,San Diego,California,92105,West,Furniture,240.784,1,0.2,27.0882
3870,CA-2015-132486,10/23/2015,10/27/2015,Second Class,Consumer,United States,San Diego,California,92105,West,Furniture,191.968,7,0.2,16.7972
3873,CA-2015-132486,10/23/2015,10/27/2015,Second Class,Consumer,United States,San Diego,California,92105,West,Furniture,842.352,3,0.2,42.1176
3883,CA-2015-129896,6/15/2015,6/20/2015,Standard Class,Consumer,United States,Gilbert,Arizona,85234,West,Furniture,364.704,6,0.2,-36.4704
3884,CA-2015-129896,6/15/2015,6/20/2015,Standard Class,Consumer,United States,Gilbert,Arizona,85234,West,Furniture,40.256,4,0.2,11.0704
3892,US-2016-163881,11/24/2016,11/30/2016,Standard Class,Corporate,United States,Los Angeles,California,90036,West,Furniture,1684.752,6,0.2,210.594
3907,CA-2015-167010,04-05-2015,04-10-2015,Standard Class,Home Office,United States,Philadelphia,Pennsylvania,19143,East,Furniture,547.136,4,0.2,-68.392
3910,CA-2015-167010,04-05-2015,04-10-2015,Standard Class,Home Office,United States,Philadelphia,Pennsylvania,19143,East,Furniture,7.584,1,0.2,2.37
3911,CA-2015-167010,04-05-2015,04-10-2015,Standard Class,Home Office,United States,Philadelphia,Pennsylvania,19143,East,Furniture,352.45,5,0.5,-211.47
3914,CA-2017-148068,9/18/2017,9/25/2017,Standard Class,Corporate,United States,New York City,New York,10035,East,Furniture,9.82,2,0,3.2406
3915,US-2017-142573,7/18/2017,7/23/2017,Standard Class,Consumer,United States,Phoenix,Arizona,85023,West,Furniture,801.6,5,0.5,-448.896
3916,US-2017-142573,7/18/2017,7/23/2017,Standard Class,Consumer,United States,Phoenix,Arizona,85023,West,Furniture,161.568,2,0.2,10.098
3919,US-2017-142573,7/18/2017,7/23/2017,Standard Class,Consumer,United States,Phoenix,Arizona,85023,West,Furniture,311.976,3,0.2,-42.8967
3927,CA-2014-103940,9/17/2014,9/21/2014,Standard Class,Consumer,United States,Seattle,Washington,98103,West,Furniture,35.34,2,0,13.4292
3929,CA-2016-162082,3/14/2016,3/17/2016,First Class,Consumer,United States,Harlingen,Texas,78550,Central,Furniture,241.332,5,0.32,-14.196
3939,CA-2015-118955,6/16/2015,6/20/2015,Standard Class,Consumer,United States,Grand Prairie,Texas,75051,Central,Furniture,197.372,2,0.3,-25.3764
3940,US-2016-143448,12-10-2016,12-10-2016,Same Day,Consumer,United States,Greenwood,Indiana,46142,Central,Furniture,1424.9,5,0,356.225
3941,CA-2017-117863,5/18/2017,5/23/2017,Standard Class,Consumer,United States,New York City,New York,10024,East,Furniture,14.56,2,0,6.2608
3951,CA-2016-119963,11/18/2016,11/22/2016,Standard Class,Home Office,United States,Pasadena,Texas,77506,Central,Furniture,255.108,6,0.3,-18.222
3955,CA-2014-133228,04-04-2014,04-09-2014,Standard Class,Consumer,United States,Detroit,Michigan,48205,Central,Furniture,5.47,1,0,2.3521
3957,CA-2016-114951,6/26/2016,07-03-2016,Standard Class,Consumer,United States,San Francisco,California,94109,West,Furniture,22.14,3,0,6.4206
3960,CA-2016-156573,5/29/2016,06-02-2016,Standard Class,Consumer,United States,Nashville,Tennessee,37211,South,Furniture,44.76,3,0.2,14.547
3964,CA-2017-134838,2/19/2017,2/20/2017,First Class,Home Office,United States,Los Angeles,California,90045,West,Furniture,44.67,3,0,12.0609
3975,CA-2016-167556,3/29/2016,04-02-2016,Standard Class,Consumer,United States,New York City,New York,10009,East,Furniture,414,8,0,124.2
3977,US-2016-116400,10/22/2016,10/24/2016,First Class,Consumer,United States,Richmond,Virginia,23223,South,Furniture,39.92,4,0,11.1776
3980,CA-2014-114517,12/23/2014,12/27/2014,Standard Class,Corporate,United States,New York City,New York,10024,East,Furniture,53.316,2,0.4,-19.5492
3982,CA-2017-119564,12/15/2017,12/20/2017,Standard Class,Home Office,United States,Seattle,Washington,98115,West,Furniture,22.77,3,0,9.7911
3983,CA-2016-135265,07-07-2016,07-09-2016,Second Class,Consumer,United States,Los Angeles,California,90045,West,Furniture,287.968,4,0.2,-3.5996
3986,CA-2016-108735,4/17/2016,4/21/2016,Standard Class,Consumer,United States,Lakewood,California,90712,West,Furniture,257.499,3,0.15,24.2352
3989,US-2016-159415,4/17/2016,4/22/2016,Standard Class,Corporate,United States,Columbia,Tennessee,38401,South,Furniture,79.12,5,0.2,13.846
3990,CA-2014-122588,11/25/2014,11/27/2014,Second Class,Consumer,United States,Woonsocket,Rhode Island,2895,East,Furniture,52.96,2,0,20.1248
3992,CA-2015-161998,05-01-2015,05-05-2015,Standard Class,Corporate,United States,Tampa,Florida,33614,South,Furniture,63.552,3,0.2,14.2992
3995,CA-2015-105627,03-08-2015,03-12-2015,Standard Class,Consumer,United States,Kenosha,Wisconsin,53142,Central,Furniture,512.94,3,0,97.4586
3996,CA-2015-105627,03-08-2015,03-12-2015,Standard Class,Consumer,United States,Kenosha,Wisconsin,53142,Central,Furniture,860.93,7,0,189.4046
3999,CA-2015-105627,03-08-2015,03-12-2015,Standard Class,Consumer,United States,Kenosha,Wisconsin,53142,Central,Furniture,373.08,6,0,82.0776
4000,US-2015-149629,7/17/2015,7/20/2015,Second Class,Corporate,United States,Port Saint Lucie,Florida,34952,South,Furniture,231.92,5,0.2,5.798
4001,CA-2014-116834,10-11-2014,10/16/2014,Standard Class,Home Office,United States,Seattle,Washington,98115,West,Furniture,63.47,11,0,19.041
4003,CA-2016-145730,03-03-2016,03-08-2016,Standard Class,Consumer,United States,San Antonio,Texas,78207,Central,Furniture,637.896,3,0.3,-127.5792
4010,CA-2017-144463,01-01-2017,01-05-2017,Standard Class,Consumer,United States,Los Angeles,California,90036,West,Furniture,474.43,11,0,199.2606
4021,CA-2014-154963,6/22/2014,6/27/2014,Standard Class,Consumer,United States,Chester,Pennsylvania,19013,East,Furniture,170.058,3,0.3,-4.8588
4023,CA-2014-154963,6/22/2014,6/27/2014,Standard Class,Consumer,United States,Chester,Pennsylvania,19013,East,Furniture,853.93,5,0.3,0
4024,CA-2017-130764,10/27/2017,10/28/2017,First Class,Corporate,United States,San Francisco,California,94110,West,Furniture,556.665,5,0.15,6.549
4031,CA-2017-124296,12/24/2017,12/28/2017,Standard Class,Consumer,United States,Lafayette,Louisiana,70506,South,Furniture,232.88,4,0,60.5488
4038,CA-2014-110786,12/29/2014,01-02-2015,Standard Class,Corporate,United States,San Francisco,California,94110,West,Furniture,24.9,5,0,8.217
4044,CA-2014-110786,12/29/2014,01-02-2015,Standard Class,Corporate,United States,San Francisco,California,94110,West,Furniture,70.56,6,0,23.9904
4045,CA-2015-137750,6/25/2015,6/30/2015,Standard Class,Consumer,United States,San Francisco,California,94110,West,Furniture,204.85,5,0,57.358
4050,CA-2017-136350,6/24/2017,6/26/2017,Second Class,Consumer,United States,New York City,New York,10011,East,Furniture,276.69,3,0,49.8042
4051,CA-2017-136350,6/24/2017,6/26/2017,Second Class,Consumer,United States,New York City,New York,10011,East,Furniture,172.764,2,0.1,32.6332
4053,CA-2014-122931,9/29/2014,10-03-2014,Standard Class,Corporate,United States,Philadelphia,Pennsylvania,19134,East,Furniture,409.272,2,0.4,-81.8544
4057,CA-2014-122931,9/29/2014,10-03-2014,Standard Class,Corporate,United States,Philadelphia,Pennsylvania,19134,East,Furniture,67.176,1,0.4,-20.1528
4060,CA-2015-124058,11/20/2015,11/24/2015,Standard Class,Consumer,United States,Oakland,California,94601,West,Furniture,572.16,3,0.2,35.76
4072,CA-2016-145303,8/28/2016,8/31/2016,First Class,Consumer,United States,Dallas,Texas,75081,Central,Furniture,156.3728,2,0.32,-52.8908
4075,CA-2017-108112,11/15/2017,11/20/2017,Standard Class,Consumer,United States,Miramar,Florida,33023,South,Furniture,220.064,4,0.2,55.016
4076,CA-2017-108112,11/15/2017,11/20/2017,Standard Class,Consumer,United States,Miramar,Florida,33023,South,Furniture,339.136,4,0.2,0
4089,US-2014-156559,8/19/2014,8/26/2014,Standard Class,Consumer,United States,Jonesboro,Arkansas,72401,South,Furniture,638.82,9,0,172.4814
4104,CA-2017-137456,12/21/2017,12/21/2017,Same Day,Home Office,United States,Fremont,Nebraska,68025,Central,Furniture,15.92,2,0,7.0048
4109,CA-2015-105599,09-07-2015,09-07-2015,Same Day,Consumer,United States,New York City,New York,10011,East,Furniture,27.414,3,0.4,-14.1639
4111,CA-2015-153717,12/25/2015,01-01-2016,Standard Class,Corporate,United States,Detroit,Michigan,48227,Central,Furniture,160.98,1,0,20.9274
4126,CA-2017-123239,7/27/2017,7/31/2017,Second Class,Consumer,United States,Jacksonville,Florida,32216,South,Furniture,91.032,3,0.2,-2.2758
4141,CA-2017-127313,12-01-2017,12-04-2017,First Class,Consumer,United States,Philadelphia,Pennsylvania,19120,East,Furniture,79.12,5,0.2,13.846
4146,CA-2017-112725,1/30/2017,02-06-2017,Standard Class,Home Office,United States,San Francisco,California,94110,West,Furniture,120.784,1,0.2,-13.5882
4147,CA-2015-136196,11/28/2015,12-04-2015,Standard Class,Consumer,United States,Freeport,New York,11520,East,Furniture,322.59,3,0,64.518
4169,CA-2014-157924,10-11-2014,10/13/2014,First Class,Consumer,United States,Pasadena,California,91104,West,Furniture,433.568,2,0.2,-65.0352
4185,CA-2016-143749,12-05-2016,12-07-2016,First Class,Corporate,United States,Franklin,Massachusetts,2038,East,Furniture,81.94,1,0,20.485
4193,CA-2015-150875,11/16/2015,11/20/2015,Standard Class,Corporate,United States,Boise,Idaho,83704,West,Furniture,696.42,2,0,160.1766
4196,CA-2016-124233,04-08-2016,4/14/2016,Standard Class,Consumer,United States,Los Angeles,California,90032,West,Furniture,24.7,5,0,10.374
4206,CA-2014-145387,10/31/2014,11-02-2014,Second Class,Consumer,United States,Cranston,Rhode Island,2920,East,Furniture,14.76,2,0,4.2804
4208,CA-2014-145387,10/31/2014,11-02-2014,Second Class,Consumer,United States,Cranston,Rhode Island,2920,East,Furniture,17.67,3,0,7.7748
4209,CA-2014-145387,10/31/2014,11-02-2014,Second Class,Consumer,United States,Cranston,Rhode Island,2920,East,Furniture,1604.9,5,0,481.47
4210,CA-2014-145387,10/31/2014,11-02-2014,Second Class,Consumer,United States,Cranston,Rhode Island,2920,East,Furniture,385.686,1,0.3,-60.6078
4218,CA-2017-149881,04-01-2017,04-03-2017,First Class,Corporate,United States,San Francisco,California,94110,West,Furniture,482.664,8,0.15,85.176
4224,CA-2017-134565,06-11-2017,6/13/2017,Second Class,Consumer,United States,Seattle,Washington,98103,West,Furniture,174.42,3,0,41.8608
4226,US-2014-102631,12/13/2014,12/17/2014,Standard Class,Corporate,United States,Chicago,Illinois,60623,Central,Furniture,94.428,3,0.6,-42.4926
4228,CA-2015-154970,01-05-2015,01-10-2015,Standard Class,Home Office,United States,Seattle,Washington,98103,West,Furniture,61.584,1,0.2,-6.9282
4230,CA-2017-100223,07-05-2017,07-10-2017,Standard Class,Corporate,United States,Dallas,Texas,75220,Central,Furniture,332.028,9,0.6,-348.6294
4247,CA-2017-117702,11/28/2017,12-04-2017,Standard Class,Home Office,United States,Baltimore,Maryland,21215,East,Furniture,1049.2,5,0,272.792
4248,CA-2017-117702,11/28/2017,12-04-2017,Standard Class,Home Office,United States,Baltimore,Maryland,21215,East,Furniture,20.9,5,0,7.524
4250,CA-2016-157336,12-01-2016,12-05-2016,Second Class,Consumer,United States,Fairfield,Connecticut,6824,East,Furniture,751.92,4,0,150.384
4251,CA-2014-168130,9/19/2014,9/19/2014,Same Day,Corporate,United States,New York City,New York,10011,East,Furniture,887.103,7,0.1,177.4206
4257,CA-2017-163160,10/13/2017,10/16/2017,First Class,Consumer,United States,Freeport,Illinois,61032,Central,Furniture,10.476,3,0.6,-6.8094
4259,CA-2016-124793,3/14/2016,3/16/2016,First Class,Corporate,United States,Seattle,Washington,98103,West,Furniture,196.784,2,0.2,-22.1382
4265,US-2016-131611,11-05-2016,11-09-2016,Standard Class,Consumer,United States,Houston,Texas,77036,Central,Furniture,863.128,8,0.3,-160.2952
4267,US-2016-131611,11-05-2016,11-09-2016,Standard Class,Consumer,United States,Houston,Texas,77036,Central,Furniture,956.6648,7,0.32,-225.0976
4270,US-2017-124821,6/25/2017,6/29/2017,Second Class,Consumer,United States,Seattle,Washington,98115,West,Furniture,871.4,4,0,148.138
4271,CA-2015-166975,11/26/2015,11/30/2015,Standard Class,Corporate,United States,Jackson,Tennessee,38301,South,Furniture,692.472,11,0.2,190.4298
4272,CA-2016-123806,11/24/2016,11/27/2016,Second Class,Corporate,United States,Baltimore,Maryland,21215,East,Furniture,207.76,4,0,85.1816
4279,US-2016-107440,4/16/2016,4/20/2016,Standard Class,Corporate,United States,Lakewood,New Jersey,8701,East,Furniture,9.96,2,0,3.2868
4282,CA-2014-166989,11/14/2014,11/18/2014,Standard Class,Home Office,United States,New York City,New York,10011,East,Furniture,69.264,2,0.1,14.6224
4285,CA-2015-105690,11/21/2015,11/26/2015,Second Class,Corporate,United States,Port Arthur,Texas,77642,Central,Furniture,246.1328,2,0.32,-76.0116
4292,CA-2017-102407,12-09-2017,12/13/2017,Second Class,Home Office,United States,Los Angeles,California,90004,West,Furniture,896.328,9,0.2,22.4082
4295,CA-2017-101581,10/22/2017,10/27/2017,Standard Class,Corporate,United States,Redmond,Oregon,97756,West,Furniture,177.225,5,0.5,-120.513
4296,CA-2017-169124,07-03-2017,07-10-2017,Standard Class,Consumer,United States,Citrus Heights,California,95610,West,Furniture,129.39,3,0,54.3438
4301,CA-2017-129021,8/23/2017,8/26/2017,Second Class,Consumer,United States,Tallahassee,Florida,32303,South,Furniture,2.784,2,0.2,0.4176
4305,CA-2014-162278,10/26/2014,10/30/2014,Second Class,Consumer,United States,Seattle,Washington,98105,West,Furniture,63.92,4,0,3.196
4310,CA-2014-125829,11-04-2014,11-11-2014,Standard Class,Consumer,United States,Los Angeles,California,90045,West,Furniture,573.728,4,0.2,-64.5444
4319,US-2017-136189,12-07-2017,12-11-2017,Standard Class,Consumer,United States,Richmond,Virginia,23223,South,Furniture,82.38,6,0,25.5378
4337,CA-2015-154795,12/20/2015,12/24/2015,Standard Class,Consumer,United States,Bullhead City,Arizona,86442,West,Furniture,14.368,2,0.2,3.9512
4347,CA-2016-120355,9/18/2016,9/25/2016,Standard Class,Consumer,United States,New Rochelle,New York,10801,East,Furniture,631.782,2,0.1,140.396
4348,CA-2016-120355,9/18/2016,9/25/2016,Standard Class,Consumer,United States,New Rochelle,New York,10801,East,Furniture,60.72,3,0,26.1096
4359,CA-2017-162565,12-11-2017,12-11-2017,Same Day,Consumer,United States,Aurora,Illinois,60505,Central,Furniture,77.72,1,0.6,-66.062
4360,CA-2017-162565,12-11-2017,12-11-2017,Same Day,Consumer,United States,Aurora,Illinois,60505,Central,Furniture,520.464,2,0.3,-14.8704
4376,CA-2014-166954,4/25/2014,4/30/2014,Standard Class,Home Office,United States,San Gabriel,California,91776,West,Furniture,303.25,5,0,63.6825
4378,CA-2014-166954,4/25/2014,4/30/2014,Standard Class,Home Office,United States,San Gabriel,California,91776,West,Furniture,1487.04,5,0.2,148.704
4382,CA-2015-152891,10/25/2015,10/30/2015,Standard Class,Consumer,United States,San Francisco,California,94110,West,Furniture,253.176,3,0.2,-31.647
4384,US-2015-122784,7/20/2015,7/27/2015,Standard Class,Consumer,United States,Highland Park,Illinois,60035,Central,Furniture,384.944,4,0.3,-126.4816
4386,US-2015-122784,7/20/2015,7/27/2015,Standard Class,Consumer,United States,Highland Park,Illinois,60035,Central,Furniture,913.43,5,0.3,-52.196
4390,CA-2017-111556,11/20/2017,11/22/2017,First Class,Consumer,United States,New York City,New York,10035,East,Furniture,183.968,2,0.2,-25.2956
4398,US-2014-138758,07-07-2014,07-11-2014,Standard Class,Consumer,United States,Philadelphia,Pennsylvania,19120,East,Furniture,172.186,2,0.3,-46.7362
4399,US-2014-138758,07-07-2014,07-11-2014,Standard Class,Consumer,United States,Philadelphia,Pennsylvania,19120,East,Furniture,69.008,2,0.2,12.0764
4402,CA-2016-131737,3/17/2016,3/17/2016,Same Day,Consumer,United States,Columbia,Maryland,21044,East,Furniture,971.5,5,0,252.59
4419,CA-2014-160157,12/20/2014,12/27/2014,Standard Class,Consumer,United States,Hamilton,Ohio,45011,East,Furniture,190.848,3,0.2,-21.4704
4424,CA-2017-159464,5/18/2017,5/19/2017,First Class,Corporate,United States,Sandy Springs,Georgia,30328,South,Furniture,302.94,3,0,75.735
4429,CA-2017-119452,3/21/2017,3/27/2017,Standard Class,Consumer,United States,Tulsa,Oklahoma,74133,Central,Furniture,1805.88,6,0,523.7052
4433,CA-2016-168893,11-03-2016,11-08-2016,Second Class,Consumer,United States,Henderson,Kentucky,42420,South,Furniture,24.1,5,0,9.158
4435,CA-2016-168893,11-03-2016,11-08-2016,Second Class,Consumer,United States,Henderson,Kentucky,42420,South,Furniture,842.94,3,0,160.1586
4449,CA-2015-121965,6/19/2015,6/23/2015,Standard Class,Consumer,United States,Los Angeles,California,90032,West,Furniture,12.56,2,0,4.0192
4452,CA-2016-147137,07-04-2016,07-06-2016,First Class,Consumer,United States,San Francisco,California,94109,West,Furniture,25.4,5,0,8.636
4454,CA-2016-147137,07-04-2016,07-06-2016,First Class,Consumer,United States,San Francisco,California,94109,West,Furniture,1279.165,5,0.15,225.735
4456,US-2015-146745,09-03-2015,09-08-2015,Standard Class,Home Office,United States,San Francisco,California,94110,West,Furniture,129.568,2,0.2,-12.9568
4460,US-2017-125717,9/28/2017,10-01-2017,First Class,Home Office,United States,Aurora,Colorado,80013,West,Furniture,32.776,1,0.2,3.2776
4469,CA-2017-168641,11/24/2017,12-01-2017,Standard Class,Consumer,United States,New York City,New York,10035,East,Furniture,321.568,2,0.2,-16.0784
4471,CA-2017-156895,05-08-2017,05-12-2017,Standard Class,Corporate,United States,Philadelphia,Pennsylvania,19140,East,Furniture,128.058,3,0.3,-23.7822
4472,CA-2017-121300,9/29/2017,9/29/2017,Same Day,Home Office,United States,Mentor,Ohio,44060,East,Furniture,63.686,1,0.3,-15.4666
4474,CA-2017-121300,9/29/2017,9/29/2017,Same Day,Home Office,United States,Mentor,Ohio,44060,East,Furniture,344.22,2,0.4,-189.321
4476,CA-2017-121300,9/29/2017,9/29/2017,Same Day,Home Office,United States,Mentor,Ohio,44060,East,Furniture,21.248,4,0.2,7.4368
4479,CA-2017-130211,10/22/2017,10/22/2017,Same Day,Consumer,United States,Lawton,Oklahoma,73505,Central,Furniture,248.98,2,0,54.7756
4491,CA-2017-105921,8/14/2017,8/21/2017,Standard Class,Consumer,United States,Los Angeles,California,90032,West,Furniture,418.296,3,0.2,5.2287
4493,CA-2014-150798,12-01-2014,12-03-2014,Second Class,Consumer,United States,Columbus,Ohio,43229,East,Furniture,8.128,2,0.2,1.4224
4495,CA-2014-150798,12-01-2014,12-03-2014,Second Class,Consumer,United States,Columbus,Ohio,43229,East,Furniture,909.72,6,0.3,-51.984
4496,CA-2017-112753,6/18/2017,6/23/2017,Standard Class,Consumer,United States,Los Angeles,California,90032,West,Furniture,917.9235,9,0.15,75.5937
4509,US-2014-138247,12/24/2014,12/29/2014,Standard Class,Home Office,United States,Los Angeles,California,90045,West,Furniture,23.99,1,0,5.5177
4510,CA-2017-167003,5/23/2017,5/29/2017,Standard Class,Consumer,United States,Los Angeles,California,90036,West,Furniture,171.288,3,0.2,-6.4233
4511,CA-2016-119935,11-10-2016,11/14/2016,Standard Class,Corporate,United States,Springfield,Missouri,65807,Central,Furniture,37.3,2,0,17.158
4515,CA-2016-120873,10/27/2016,11-01-2016,Second Class,Consumer,United States,Hampton,Virginia,23666,South,Furniture,290.98,1,0,75.6548
4522,CA-2014-109491,2/20/2014,2/26/2014,Standard Class,Corporate,United States,Richmond,Indiana,47374,Central,Furniture,20.32,4,0,6.9088
4525,CA-2014-107454,11-02-2014,11-06-2014,Standard Class,Consumer,United States,New York City,New York,10024,East,Furniture,89.34,6,0,24.1218
4528,US-2017-105046,7/17/2017,7/23/2017,Standard Class,Home Office,United States,Rome,New York,13440,East,Furniture,39.08,4,0,14.4596
4531,CA-2016-118759,11/14/2016,11/17/2016,First Class,Consumer,United States,New York City,New York,10009,East,Furniture,408.006,2,0.1,72.5344
4533,CA-2014-140403,10-10-2014,10-10-2014,Same Day,Home Office,United States,Manteca,California,95336,West,Furniture,122.352,3,0.2,13.7646
4536,CA-2017-138464,07-08-2017,07-12-2017,Standard Class,Home Office,United States,Seattle,Washington,98115,West,Furniture,15.84,3,0,4.9104
4541,CA-2015-104129,2/27/2015,03-02-2015,Standard Class,Corporate,United States,Providence,Rhode Island,2908,East,Furniture,493.92,7,0.3,-28.224
4544,CA-2015-126557,07-12-2015,7/17/2015,Second Class,Consumer,United States,Chicago,Illinois,60610,Central,Furniture,383.607,9,0.3,-5.4801
4549,CA-2015-126557,07-12-2015,7/17/2015,Second Class,Consumer,United States,Chicago,Illinois,60610,Central,Furniture,7.76,1,0.6,-2.134
4552,US-2014-165862,7/13/2014,7/17/2014,Standard Class,Corporate,United States,Los Angeles,California,90049,West,Furniture,351.216,3,0.2,4.3902
4553,US-2014-106334,12/27/2014,01-02-2015,Standard Class,Consumer,United States,San Francisco,California,94122,West,Furniture,230.28,3,0.2,23.028
4560,CA-2014-110219,05-05-2014,05-08-2014,First Class,Consumer,United States,San Antonio,Texas,78207,Central,Furniture,127.869,3,0.3,-9.1335
4563,CA-2015-118871,12-04-2015,12-09-2015,Second Class,Corporate,United States,Los Angeles,California,90049,West,Furniture,36.4,5,0,13.832
4564,CA-2017-129490,9/26/2017,9/30/2017,Standard Class,Home Office,United States,Miramar,Florida,33023,South,Furniture,419.136,4,0.2,-57.6312
4570,CA-2014-169460,4/19/2014,4/21/2014,Second Class,Home Office,United States,San Jose,California,95123,West,Furniture,76.14,3,0,26.649
4575,CA-2016-139395,12-12-2016,12/18/2016,Standard Class,Home Office,United States,Jackson,Michigan,49201,Central,Furniture,33.48,4,0,8.7048
4582,CA-2016-120250,9/19/2016,9/22/2016,First Class,Home Office,United States,Philadelphia,Pennsylvania,19140,East,Furniture,25.632,3,0.2,3.8448
4589,US-2017-163790,11-02-2017,11-04-2017,Second Class,Home Office,United States,Danville,California,94526,West,Furniture,25.02,3,0,10.5084
4593,CA-2016-129868,12/26/2016,12/31/2016,Standard Class,Corporate,United States,Los Angeles,California,90004,West,Furniture,146.352,3,0.2,-5.4882
4595,CA-2016-129868,12/26/2016,12/31/2016,Standard Class,Corporate,United States,Los Angeles,California,90004,West,Furniture,902.712,3,0.2,33.8517
4600,CA-2015-146948,7/16/2015,7/20/2015,Standard Class,Home Office,United States,Baltimore,Maryland,21215,East,Furniture,150.98,1,0,43.7842
4611,US-2017-141852,11-09-2017,11/14/2017,Standard Class,Consumer,United States,Oceanside,California,92054,West,Furniture,47.12,8,0,20.7328
4619,CA-2015-117800,9/21/2015,9/26/2015,Standard Class,Home Office,United States,Everett,Massachusetts,2149,East,Furniture,542.94,3,0,141.1644
4626,CA-2017-147228,09-09-2017,9/14/2017,Standard Class,Consumer,United States,Columbia,Tennessee,38401,South,Furniture,14.136,3,0.2,4.2408
4631,US-2015-126235,10/15/2015,10/15/2015,Same Day,Consumer,United States,Mount Pleasant,Michigan,48858,Central,Furniture,17.14,2,0,6.1704
4633,CA-2017-168396,08-03-2017,08-08-2017,Second Class,Consumer,United States,San Francisco,California,94122,West,Furniture,123.96,3,0,11.1564
4634,CA-2015-130456,8/21/2015,8/26/2015,Standard Class,Corporate,United States,San Francisco,California,94122,West,Furniture,586.398,6,0.15,34.494
4643,CA-2017-130141,10/22/2017,10/24/2017,Second Class,Consumer,United States,Fort Collins,Colorado,80525,West,Furniture,579.136,4,0.2,-28.9568
4646,CA-2016-143910,08-12-2016,8/16/2016,Standard Class,Home Office,United States,New York City,New York,10011,East,Furniture,145.764,2,0.1,-8.098
4648,CA-2016-139556,4/26/2016,05-01-2016,Standard Class,Home Office,United States,New York City,New York,10009,East,Furniture,434.646,3,0.1,62.7822
4662,CA-2015-112130,05-03-2015,05-07-2015,Standard Class,Consumer,United States,Philadelphia,Pennsylvania,19140,East,Furniture,844.116,6,0.3,-36.1764
4667,CA-2016-116547,01-10-2016,1/17/2016,Standard Class,Corporate,United States,Seattle,Washington,98115,West,Furniture,79.92,4,0,34.3656
4670,US-2017-133200,05-06-2017,05-11-2017,Standard Class,Corporate,United States,Fort Worth,Texas,76106,Central,Furniture,623.4648,7,0.32,-119.1918
4675,CA-2016-133550,7/31/2016,08-06-2016,Standard Class,Consumer,United States,Detroit,Michigan,48205,Central,Furniture,272.94,3,0,30.0234
4676,CA-2017-139416,3/27/2017,3/29/2017,Second Class,Consumer,United States,Philadelphia,Pennsylvania,19120,East,Furniture,15.008,2,0.2,1.5008
4684,CA-2016-159912,8/29/2016,09-03-2016,Standard Class,Corporate,United States,Philadelphia,Pennsylvania,19120,East,Furniture,241.92,4,0.4,-56.448
4685,CA-2016-159912,8/29/2016,09-03-2016,Standard Class,Corporate,United States,Philadelphia,Pennsylvania,19120,East,Furniture,163.88,4,0.5,-81.94
4690,CA-2014-138681,12/20/2014,12/22/2014,First Class,Consumer,United States,Tucson,Arizona,85705,West,Furniture,51.968,2,0.2,10.3936
4692,CA-2014-138681,12/20/2014,12/22/2014,First Class,Consumer,United States,Tucson,Arizona,85705,West,Furniture,242.352,3,0.2,-42.4116
4696,US-2015-138121,12/17/2015,12/17/2015,Same Day,Consumer,United States,Detroit,Michigan,48205,Central,Furniture,302.94,3,0,48.4704
4697,US-2015-138121,12/17/2015,12/17/2015,Same Day,Consumer,United States,Detroit,Michigan,48205,Central,Furniture,142.36,2,0,38.4372
4698,US-2015-138121,12/17/2015,12/17/2015,Same Day,Consumer,United States,Detroit,Michigan,48205,Central,Furniture,546.66,9,0,136.665
4699,US-2015-138121,12/17/2015,12/17/2015,Same Day,Consumer,United States,Detroit,Michigan,48205,Central,Furniture,212.13,3,0,14.8491
4703,CA-2017-140298,05-11-2017,5/17/2017,Standard Class,Home Office,United States,Austin,Texas,78745,Central,Furniture,7.996,1,0.6,-6.9965
4707,CA-2016-158435,5/17/2016,5/18/2016,First Class,Consumer,United States,Waterbury,Connecticut,6708,East,Furniture,173.24,4,0,17.324
4714,CA-2014-108273,12/16/2014,12/21/2014,Standard Class,Consumer,United States,Huntsville,Texas,77340,Central,Furniture,56.568,2,0.6,-74.9526
4717,CA-2017-143126,12-03-2017,12-07-2017,Second Class,Home Office,United States,Seattle,Washington,98115,West,Furniture,521.96,2,0,88.7332
4722,CA-2014-106229,06-07-2014,06-11-2014,Second Class,Consumer,United States,Aurora,Illinois,60505,Central,Furniture,268.935,3,0.5,-209.7693
4728,CA-2014-119151,11/25/2014,11/29/2014,Second Class,Home Office,United States,New York City,New York,10009,East,Furniture,275.952,3,0.2,-37.9434
4734,US-2015-103996,3/29/2015,3/31/2015,Second Class,Consumer,United States,San Diego,California,92105,West,Furniture,19.92,3,0,9.5616
4735,CA-2016-120530,04-07-2016,04-12-2016,Standard Class,Corporate,United States,New York City,New York,10035,East,Furniture,658.746,3,0.1,146.388
4740,CA-2015-105725,2/18/2015,2/24/2015,Standard Class,Consumer,United States,Long Beach,California,90805,West,Furniture,35.544,1,0.2,-0.8886
4749,CA-2016-120005,03-03-2016,03-03-2016,Same Day,Corporate,United States,San Francisco,California,94110,West,Furniture,35.28,3,0,11.9952
4753,CA-2017-103499,11/20/2017,11/24/2017,Standard Class,Consumer,United States,Jackson,Tennessee,38301,South,Furniture,209.568,2,0.2,-23.5764
4773,CA-2017-119746,11/23/2017,11/27/2017,Standard Class,Consumer,United States,Chicago,Illinois,60610,Central,Furniture,6.464,1,0.6,-4.04
4780,CA-2014-150301,07-08-2014,07-10-2014,First Class,Consumer,United States,Buffalo,New York,14215,East,Furniture,63.882,1,0.1,10.647
4781,CA-2014-159310,11-07-2014,11-12-2014,Standard Class,Consumer,United States,Houston,Texas,77070,Central,Furniture,683.144,4,0.3,0
4786,CA-2015-104346,12-11-2015,12/16/2015,Standard Class,Consumer,United States,Colorado Springs,Colorado,80906,West,Furniture,69.576,4,0.7,-143.7904
4789,CA-2015-104346,12-11-2015,12/16/2015,Standard Class,Consumer,United States,Colorado Springs,Colorado,80906,West,Furniture,52.416,9,0.2,15.0696
4790,CA-2015-104346,12-11-2015,12/16/2015,Standard Class,Consumer,United States,Colorado Springs,Colorado,80906,West,Furniture,54.92,5,0.2,10.984
4791,CA-2015-104346,12-11-2015,12/16/2015,Standard Class,Consumer,United States,Colorado Springs,Colorado,80906,West,Furniture,364.95,5,0.5,-248.166
4795,CA-2015-144722,3/16/2015,3/23/2015,Standard Class,Corporate,United States,Los Angeles,California,90036,West,Furniture,43.13,1,0,18.1146
4799,US-2016-148901,5/14/2016,5/19/2016,Standard Class,Corporate,United States,Jacksonville,Florida,32216,South,Furniture,30.192,3,0.2,8.3028
4805,CA-2017-136364,7/13/2017,7/17/2017,Second Class,Consumer,United States,Philadelphia,Pennsylvania,19140,East,Furniture,91.008,9,0.2,19.3392
4812,CA-2016-121370,11/14/2016,11/19/2016,Second Class,Consumer,United States,Philadelphia,Pennsylvania,19134,East,Furniture,380.058,3,0.3,-21.7176
4814,CA-2016-121370,11/14/2016,11/19/2016,Second Class,Consumer,United States,Philadelphia,Pennsylvania,19134,East,Furniture,48.576,3,0.2,9.7152
4825,CA-2016-140018,11/21/2016,11/26/2016,Standard Class,Consumer,United States,Columbus,Ohio,43229,East,Furniture,127.554,3,0.3,-9.111
4826,CA-2016-140018,11/21/2016,11/26/2016,Standard Class,Consumer,United States,Columbus,Ohio,43229,East,Furniture,77.952,3,0.2,15.5904
4841,CA-2017-154123,11/20/2017,11/25/2017,Standard Class,Home Office,United States,Henderson,Kentucky,42420,South,Furniture,27.58,2,0,11.5836
4851,CA-2014-107818,09-08-2014,9/14/2014,Standard Class,Consumer,United States,Pasco,Washington,99301,West,Furniture,975.92,5,0.2,121.99
4854,CA-2014-113320,12-12-2014,12/15/2014,Second Class,Consumer,United States,Oakland,California,94601,West,Furniture,12.54,3,0,4.5144
4856,CA-2014-113320,12-12-2014,12/15/2014,Second Class,Consumer,United States,Oakland,California,94601,West,Furniture,9.24,3,0,4.4352
4858,CA-2015-137526,1/13/2015,1/17/2015,Standard Class,Consumer,United States,Los Angeles,California,90004,West,Furniture,77.6,4,0,38.024
4859,CA-2015-137526,1/13/2015,1/17/2015,Standard Class,Consumer,United States,Los Angeles,California,90004,West,Furniture,464.85,9,0,92.97
4866,CA-2017-122490,11/13/2017,11/18/2017,Standard Class,Consumer,United States,Seattle,Washington,98103,West,Furniture,2404.704,6,0.2,150.294
4881,CA-2017-143567,11-02-2017,11-05-2017,Second Class,Corporate,United States,Henderson,Kentucky,42420,South,Furniture,975.92,4,0,292.776
4887,CA-2016-163167,11/28/2016,12-01-2016,Second Class,Corporate,United States,Marietta,Georgia,30062,South,Furniture,182.67,3,0,52.9743
4898,US-2014-122021,10/15/2014,10/17/2014,First Class,Consumer,United States,Parma,Ohio,44134,East,Furniture,183.372,2,0.3,-7.8588
4905,US-2014-161613,12-01-2014,12-03-2014,Second Class,Corporate,United States,Houston,Texas,77070,Central,Furniture,674.058,3,0.3,-19.2588
4918,CA-2017-163125,10-09-2017,10-11-2017,Second Class,Consumer,United States,League City,Texas,77573,Central,Furniture,254.058,3,0.3,-32.6646
4919,CA-2016-160304,01-02-2016,01-07-2016,Standard Class,Corporate,United States,Gaithersburg,Maryland,20877,East,Furniture,173.94,3,0,38.2668
4927,CA-2017-117653,10/19/2017,10/23/2017,Standard Class,Consumer,United States,Chicago,Illinois,60623,Central,Furniture,91.275,1,0.5,-67.5435
4929,CA-2017-143245,12-01-2017,12-06-2017,Standard Class,Home Office,United States,Fairfield,Connecticut,6824,East,Furniture,897.15,3,0,251.202
4939,CA-2014-157147,1/13/2014,1/18/2014,Standard Class,Consumer,United States,San Francisco,California,94109,West,Furniture,333.999,3,0.15,3.9294
4941,CA-2015-156482,02-06-2015,2/13/2015,Standard Class,Consumer,United States,Wilmington,Delaware,19805,East,Furniture,1268.82,9,0,266.4522
4942,CA-2015-156482,02-06-2015,2/13/2015,Standard Class,Consumer,United States,Wilmington,Delaware,19805,East,Furniture,283.92,4,0,82.3368
4950,CA-2017-107125,11/27/2017,12-02-2017,Standard Class,Consumer,United States,Los Angeles,California,90045,West,Furniture,18.84,3,0,6.0288
4957,CA-2014-160262,06-09-2014,6/13/2014,Second Class,Corporate,United States,North Las Vegas,Nevada,89031,West,Furniture,37.4,2,0,14.212
4962,CA-2014-156587,03-07-2014,03-08-2014,First Class,Consumer,United States,Seattle,Washington,98103,West,Furniture,48.712,1,0.2,5.4801
4970,CA-2015-122406,08-02-2015,08-05-2015,Second Class,Home Office,United States,Providence,Rhode Island,2908,East,Furniture,110.98,1,0,15.5372
4971,US-2016-153815,11-06-2016,11-09-2016,First Class,Corporate,United States,Jacksonville,Florida,32216,South,Furniture,207.984,2,0.2,-28.5978
4973,US-2016-153815,11-06-2016,11-09-2016,First Class,Corporate,United States,Jacksonville,Florida,32216,South,Furniture,35.568,2,0.2,5.7798
4988,CA-2016-149279,4/24/2016,4/28/2016,Standard Class,Home Office,United States,Colorado Springs,Colorado,80906,West,Furniture,1325.76,6,0.2,149.148
4995,CA-2015-153038,12/18/2015,12/25/2015,Standard Class,Corporate,United States,Memphis,Tennessee,38109,South,Furniture,20.32,5,0.2,3.556
5012,US-2017-139647,05-11-2017,5/13/2017,First Class,Corporate,United States,Phoenix,Arizona,85023,West,Furniture,209.979,7,0.7,-356.9643
5016,CA-2014-153850,11/24/2014,11/29/2014,Standard Class,Consumer,United States,Toledo,Ohio,43615,East,Furniture,35.168,7,0.2,9.6712
5018,CA-2014-127558,11/15/2014,11/18/2014,First Class,Consumer,United States,Los Angeles,California,90008,West,Furniture,10.11,3,0,3.2352
5024,CA-2016-133795,12/18/2016,12/24/2016,Standard Class,Consumer,United States,San Diego,California,92037,West,Furniture,39.92,4,0,11.1776
5028,US-2017-130953,7/29/2017,08-03-2017,Standard Class,Consumer,United States,Oklahoma City,Oklahoma,73120,Central,Furniture,302.67,3,0,72.6408
5033,CA-2016-155166,12/26/2016,01-02-2017,Standard Class,Corporate,United States,Vineland,New Jersey,8360,East,Furniture,212.94,3,0,25.5528
5035,CA-2015-103954,08-09-2015,8/13/2015,Second Class,Home Office,United States,Milwaukee,Wisconsin,53209,Central,Furniture,687.4,5,0,48.118
5036,CA-2014-169803,04-06-2014,04-12-2014,Standard Class,Corporate,United States,Seattle,Washington,98115,West,Furniture,653.55,3,0,111.1035
5039,CA-2015-136469,07-11-2015,07-12-2015,First Class,Corporate,United States,Wilmington,Delaware,19805,East,Furniture,199.836,4,0.3,-37.1124
5044,CA-2016-158694,11-10-2016,11/13/2016,Second Class,Consumer,United States,Los Angeles,California,90036,West,Furniture,467.46,9,0,191.6586
5056,CA-2015-141243,01-03-2015,01-08-2015,Second Class,Consumer,United States,Dallas,Texas,75217,Central,Furniture,1352.3976,9,0.32,-437.5404
5064,CA-2015-136798,05-08-2015,05-12-2015,Standard Class,Consumer,United States,Minneapolis,Minnesota,55407,Central,Furniture,123.96,3,0,11.1564
5067,CA-2017-142090,11/30/2017,12-07-2017,Standard Class,Consumer,United States,Burlington,North Carolina,27217,South,Furniture,1781.682,7,0.4,-653.2834
5072,CA-2014-124478,08-08-2014,08-12-2014,Standard Class,Home Office,United States,Trenton,Michigan,48183,Central,Furniture,53.88,6,0,22.6296
5076,CA-2014-134572,4/20/2014,4/22/2014,Second Class,Consumer,United States,Houston,Texas,77070,Central,Furniture,744.1,5,0.3,-95.67
5078,CA-2014-134572,4/20/2014,4/22/2014,Second Class,Consumer,United States,Houston,Texas,77070,Central,Furniture,401.59,2,0.3,-131.951
5080,US-2017-133312,11/25/2017,11/29/2017,Standard Class,Consumer,United States,San Francisco,California,94122,West,Furniture,359.499,3,0.15,-29.6058
5095,US-2014-140452,12-06-2014,12-10-2014,Standard Class,Consumer,United States,Chicago,Illinois,60610,Central,Furniture,214.95,5,0.5,-120.372
5097,US-2014-140452,12-06-2014,12-10-2014,Standard Class,Consumer,United States,Chicago,Illinois,60610,Central,Furniture,10.776,3,0.6,-4.8492
5106,CA-2014-116568,12/14/2014,12/20/2014,Standard Class,Consumer,United States,Deltona,Florida,32725,South,Furniture,186.304,4,0.2,13.9728
5113,CA-2015-153073,11/13/2015,11/13/2015,Same Day,Consumer,United States,Chicago,Illinois,60610,Central,Furniture,17.496,9,0.6,-7.4358
5125,CA-2014-160766,9/14/2014,9/14/2014,Same Day,Consumer,United States,New York City,New York,10009,East,Furniture,464.292,9,0.4,-108.3348
5132,CA-2017-146626,12/29/2017,01-05-2018,Standard Class,Corporate,United States,Anaheim,California,92804,West,Furniture,101.12,8,0,37.4144
5138,CA-2016-128972,11/13/2016,11/17/2016,Standard Class,Corporate,United States,Oklahoma City,Oklahoma,73120,Central,Furniture,30.36,4,0,13.0548
5142,CA-2016-111213,04-01-2016,04-05-2016,Standard Class,Consumer,United States,New York City,New York,10009,East,Furniture,1317.492,6,0.1,292.776
5145,CA-2017-161333,02-02-2017,02-07-2017,Standard Class,Consumer,United States,Los Angeles,California,90045,West,Furniture,86.26,2,0,29.3284
5148,CA-2017-128734,12/24/2017,12/31/2017,Standard Class,Home Office,United States,Chandler,Arizona,85224,West,Furniture,8.544,4,0.2,1.9224
5149,CA-2017-128734,12/24/2017,12/31/2017,Standard Class,Home Office,United States,Chandler,Arizona,85224,West,Furniture,842.376,3,0.2,105.297
5156,US-2015-124219,08-07-2015,08-08-2015,First Class,Consumer,United States,Kirkwood,Missouri,63122,Central,Furniture,212.94,3,0,34.0704
5158,CA-2017-163006,6/30/2017,07-04-2017,Second Class,Home Office,United States,Chicago,Illinois,60653,Central,Furniture,569.058,3,0.3,-178.8468
5159,CA-2017-163006,6/30/2017,07-04-2017,Second Class,Home Office,United States,Chicago,Illinois,60653,Central,Furniture,14.224,2,0.6,-10.3124
5162,CA-2014-111192,7/30/2014,08-05-2014,Standard Class,Corporate,United States,Seattle,Washington,98103,West,Furniture,1367.84,8,0,259.8896
5163,CA-2016-115378,11/18/2016,11/23/2016,Second Class,Consumer,United States,Taylor,Michigan,48180,Central,Furniture,301.96,2,0,33.2156
5164,CA-2015-161627,07-06-2015,07-11-2015,Standard Class,Consumer,United States,Pasadena,California,91104,West,Furniture,170.352,3,0.2,-17.0352
5168,CA-2014-121006,11-10-2014,11/16/2014,Standard Class,Consumer,United States,Midland,Michigan,48640,Central,Furniture,563.94,3,0,112.788
5171,CA-2016-122903,5/27/2016,5/29/2016,Second Class,Corporate,United States,Detroit,Michigan,48205,Central,Furniture,3504.9,5,0,700.98
5176,CA-2017-106432,10/19/2017,10/24/2017,Standard Class,Consumer,United States,Waco,Texas,76706,Central,Furniture,328.3992,3,0.32,-91.7586
5179,US-2015-120502,4/13/2015,4/19/2015,Standard Class,Corporate,United States,Los Angeles,California,90036,West,Furniture,37.68,2,0,15.8256
5189,CA-2015-115567,9/13/2015,9/18/2015,Standard Class,Consumer,United States,Columbus,Indiana,47201,Central,Furniture,1516.2,7,0,394.212
5193,CA-2014-101560,11/28/2014,12-01-2014,Second Class,Corporate,United States,Columbia,South Carolina,29203,South,Furniture,397.6,5,0,43.736
5203,CA-2015-142454,8/15/2015,8/19/2015,Standard Class,Consumer,United States,Oakland,California,94601,West,Furniture,104.23,7,0,28.1421
5220,CA-2017-145653,09-01-2017,09-01-2017,Same Day,Consumer,United States,Detroit,Michigan,48205,Central,Furniture,498.26,7,0,134.5302
5221,CA-2014-140487,6/14/2014,6/20/2014,Standard Class,Home Office,United States,Detroit,Michigan,48234,Central,Furniture,212.94,3,0,57.4938
5228,CA-2016-119865,6/21/2016,6/26/2016,Standard Class,Consumer,United States,New York City,New York,10011,East,Furniture,353.568,2,0.2,-44.196
5231,CA-2017-124436,3/19/2017,3/22/2017,Second Class,Consumer,United States,Fresno,California,93727,West,Furniture,697.16,5,0.2,8.7145
5232,CA-2017-124436,3/19/2017,3/22/2017,Second Class,Consumer,United States,Fresno,California,93727,West,Furniture,30.93,1,0,12.6813
5234,CA-2014-115084,10/18/2014,10/22/2014,Standard Class,Corporate,United States,Texarkana,Arkansas,71854,South,Furniture,605.34,6,0,145.2816
5235,CA-2017-131037,8/22/2017,8/23/2017,First Class,Consumer,United States,San Francisco,California,94110,West,Furniture,210.008,1,0.2,2.6251
5237,CA-2014-166744,9/20/2014,9/24/2014,Standard Class,Consumer,United States,Columbia,Maryland,21044,East,Furniture,164.22,3,0,50.9082
5238,CA-2014-166744,9/20/2014,9/24/2014,Standard Class,Consumer,United States,Columbia,Maryland,21044,East,Furniture,362.94,3,0,36.294
5245,CA-2016-156265,08-02-2016,08-04-2016,Second Class,Corporate,United States,Los Angeles,California,90032,West,Furniture,136.464,2,0.2,15.3522
5255,CA-2015-125185,03-05-2015,03-07-2015,Second Class,Corporate,United States,Bethlehem,Pennsylvania,18018,East,Furniture,99.372,2,0.3,-7.098
5256,CA-2015-125185,03-05-2015,03-07-2015,Second Class,Corporate,United States,Bethlehem,Pennsylvania,18018,East,Furniture,33.568,2,0.2,-5.4548
5263,CA-2014-105165,09-07-2014,09-10-2014,First Class,Home Office,United States,Houston,Texas,77036,Central,Furniture,200.795,1,0.3,-22.948
5270,CA-2017-144484,09-11-2017,09-11-2017,Same Day,Consumer,United States,San Francisco,California,94110,West,Furniture,32.36,4,0,11.6496
5272,CA-2017-125913,1/16/2017,1/16/2017,Same Day,Corporate,United States,Los Angeles,California,90008,West,Furniture,27.92,4,0,8.0968
5273,CA-2017-125913,1/16/2017,1/16/2017,Same Day,Corporate,United States,Los Angeles,California,90008,West,Furniture,399.672,7,0.2,-14.9877
5275,CA-2015-162887,11-07-2015,11-09-2015,Second Class,Consumer,United States,Burlington,Vermont,5408,East,Furniture,715.2,3,0,178.8
5278,CA-2014-113859,9/13/2014,9/17/2014,Standard Class,Home Office,United States,Odessa,Texas,79762,Central,Furniture,340.116,6,0.3,-9.7176
5282,CA-2015-105158,09-05-2015,09-10-2015,Standard Class,Corporate,United States,Rochester,Minnesota,55901,Central,Furniture,6.16,2,0,2.9568
5288,CA-2017-105991,05-05-2017,05-06-2017,First Class,Consumer,United States,Louisville,Colorado,80027,West,Furniture,89.991,3,0.7,-152.9847
5291,CA-2014-146283,09-08-2014,9/15/2014,Standard Class,Consumer,United States,Houston,Texas,77036,Central,Furniture,966.7,5,0.3,-13.81
5294,CA-2015-111073,12/26/2015,12/30/2015,Standard Class,Consumer,United States,Medina,Ohio,44256,East,Furniture,51.588,1,0.4,-15.4764
5297,CA-2017-108791,7/27/2017,7/31/2017,Standard Class,Consumer,United States,Yonkers,New York,10701,East,Furniture,14.89,1,0,4.0203
5301,CA-2016-113831,5/30/2016,06-03-2016,Standard Class,Corporate,United States,Springfield,Virginia,22153,South,Furniture,2275.5,10,0,386.835
5304,US-2014-139500,11/16/2014,11/20/2014,Standard Class,Consumer,United States,Decatur,Illinois,62521,Central,Furniture,37.296,2,0.3,-1.0656
5305,US-2014-166310,9/21/2014,9/23/2014,First Class,Home Office,United States,Garland,Texas,75043,Central,Furniture,8.544,2,0.6,-7.476
5306,US-2016-168410,2/21/2016,2/26/2016,Standard Class,Corporate,United States,Oceanside,New York,11572,East,Furniture,68.95,5,0,28.959
5309,CA-2017-131254,11/19/2017,11/21/2017,First Class,Consumer,United States,Houston,Texas,77095,Central,Furniture,191.058,3,0.3,-46.3998
5314,CA-2017-137876,4/30/2017,05-05-2017,Standard Class,Corporate,United States,San Francisco,California,94110,West,Furniture,64.96,2,0,21.4368
5316,CA-2016-154060,05-02-2016,05-08-2016,Standard Class,Consumer,United States,Greensboro,North Carolina,27405,South,Furniture,187.056,9,0.2,11.691
5317,US-2017-162558,10-02-2017,10-05-2017,First Class,Home Office,United States,Knoxville,Tennessee,37918,South,Furniture,11.808,2,0.2,1.3284
5318,US-2017-162558,10-02-2017,10-05-2017,First Class,Home Office,United States,Knoxville,Tennessee,37918,South,Furniture,9.656,1,0.2,1.5691
5321,US-2017-162558,10-02-2017,10-05-2017,First Class,Home Office,United States,Knoxville,Tennessee,37918,South,Furniture,2314.116,7,0.4,-1002.7836
5323,US-2017-162558,10-02-2017,10-05-2017,First Class,Home Office,United States,Knoxville,Tennessee,37918,South,Furniture,19.76,2,0.2,5.928
5326,CA-2015-119508,12-04-2015,12-09-2015,Standard Class,Consumer,United States,Lakewood,California,90712,West,Furniture,25.08,6,0,9.0288
5331,CA-2016-123120,09-04-2016,09-08-2016,Standard Class,Consumer,United States,New York City,New York,10011,East,Furniture,63.94,1,0,24.9366
5334,CA-2014-103331,8/26/2014,09-01-2014,Standard Class,Consumer,United States,Newark,Delaware,19711,East,Furniture,10.68,4,0,4.0584
5355,CA-2014-113768,5/13/2014,5/19/2014,Standard Class,Corporate,United States,Los Angeles,California,90004,West,Furniture,279.456,6,0.2,20.9592
5361,US-2017-126060,4/14/2017,4/18/2017,Standard Class,Corporate,United States,Fayetteville,North Carolina,28314,South,Furniture,198.272,8,0.2,-32.2192
5363,CA-2016-122017,12/29/2016,01-02-2017,Standard Class,Consumer,United States,Wichita,Kansas,67212,Central,Furniture,70.56,6,0,23.9904
5371,US-2017-136721,04-08-2017,04-12-2017,Standard Class,Corporate,United States,Oak Park,Michigan,48237,Central,Furniture,273.96,2,0,71.2296
5372,US-2017-136721,04-08-2017,04-12-2017,Standard Class,Corporate,United States,Oak Park,Michigan,48237,Central,Furniture,306.9,3,0,79.794
5374,CA-2015-118738,10/24/2015,10/30/2015,Standard Class,Corporate,United States,Houston,Texas,77041,Central,Furniture,347.361,7,0.3,-69.4722
5395,US-2014-123183,11/19/2014,11/25/2014,Standard Class,Corporate,United States,Wilmington,Delaware,19805,East,Furniture,1025.88,6,0,235.9524
5397,US-2016-147340,9/24/2016,9/24/2016,Same Day,Corporate,United States,San Francisco,California,94110,West,Furniture,63.2,5,0,23.384
5400,CA-2016-117681,04-09-2016,4/14/2016,Standard Class,Consumer,United States,Los Angeles,California,90004,West,Furniture,556.665,5,0.15,6.549
5427,CA-2016-153598,12-03-2016,12-06-2016,First Class,Consumer,United States,Los Angeles,California,90045,West,Furniture,111.9,6,0,51.474
5428,US-2016-108497,6/14/2016,6/14/2016,Same Day,Home Office,United States,Los Angeles,California,90036,West,Furniture,599.165,5,0.15,35.245
5430,CA-2014-136861,09-05-2014,09-07-2014,First Class,Consumer,United States,Saint Petersburg,Florida,33710,South,Furniture,31.984,2,0.2,1.999
5437,CA-2014-103317,07-05-2014,07-08-2014,First Class,Corporate,United States,Palm Coast,Florida,32137,South,Furniture,19.52,2,0.2,5.368
5439,CA-2014-103317,07-05-2014,07-08-2014,First Class,Corporate,United States,Palm Coast,Florida,32137,South,Furniture,213.216,3,0.2,15.9912
5452,US-2014-119081,09-12-2014,9/19/2014,Standard Class,Home Office,United States,Olathe,Kansas,66062,Central,Furniture,40.56,2,0,12.9792
5458,CA-2017-130631,12/29/2017,01-02-2018,Standard Class,Consumer,United States,Edmonds,Washington,98026,West,Furniture,68.46,2,0,20.538
5460,CA-2017-116680,09-04-2017,09-06-2017,Second Class,Consumer,United States,San Francisco,California,94122,West,Furniture,1478.272,8,0.2,92.392
5462,CA-2017-101574,9/28/2017,10-04-2017,Standard Class,Consumer,United States,Los Angeles,California,90032,West,Furniture,9.24,3,0,4.4352
5466,CA-2014-146591,1/19/2014,1/20/2014,First Class,Consumer,United States,Scottsdale,Arizona,85254,West,Furniture,181.47,5,0.7,-320.597
5468,CA-2016-122448,06-09-2016,6/14/2016,Standard Class,Consumer,United States,San Francisco,California,94109,West,Furniture,122.352,3,0.2,13.7646
5469,CA-2014-132451,9/26/2014,9/27/2014,First Class,Home Office,United States,San Diego,California,92105,West,Furniture,585.552,3,0.2,73.194
5472,CA-2017-116946,12/19/2017,12/23/2017,Standard Class,Consumer,United States,Parker,Colorado,80134,West,Furniture,13.36,5,0.2,4.008
5474,CA-2017-116946,12/19/2017,12/23/2017,Standard Class,Consumer,United States,Parker,Colorado,80134,West,Furniture,102.018,7,0.7,-183.6324
5485,CA-2017-148999,1/30/2017,02-04-2017,Standard Class,Consumer,United States,Miami,Florida,33142,South,Furniture,419.136,4,0.2,-68.1096
5491,CA-2017-134495,04-01-2017,04-04-2017,Second Class,Corporate,United States,Jacksonville,Florida,32216,South,Furniture,218.352,3,0.2,-19.1058
5495,CA-2014-105249,11/28/2014,11/28/2014,Same Day,Home Office,United States,San Francisco,California,94122,West,Furniture,411.332,4,0.15,-4.8392
5501,CA-2017-164378,7/15/2017,7/18/2017,Second Class,Consumer,United States,New York City,New York,10024,East,Furniture,664.146,6,0.1,88.5528
5503,CA-2017-127782,11-02-2017,11-06-2017,Standard Class,Corporate,United States,Philadelphia,Pennsylvania,19140,East,Furniture,3.312,1,0.2,0.6624
5509,CA-2015-168529,10-08-2015,10-12-2015,Standard Class,Consumer,United States,San Francisco,California,94122,West,Furniture,145.9,5,0,62.737
5518,CA-2017-117667,12-04-2017,12-09-2017,Standard Class,Corporate,United States,Philadelphia,Pennsylvania,19134,East,Furniture,239.96,10,0.3,-10.284
5519,CA-2017-117667,12-04-2017,12-09-2017,Standard Class,Corporate,United States,Philadelphia,Pennsylvania,19134,East,Furniture,54.768,2,0.2,6.846
5540,US-2017-150595,5/22/2017,5/26/2017,Standard Class,Consumer,United States,Chicago,Illinois,60653,Central,Furniture,181.986,2,0.3,-54.5958
5543,CA-2016-134936,12/19/2016,12/25/2016,Standard Class,Corporate,United States,Tucson,Arizona,85705,West,Furniture,455.97,6,0.5,-218.8656
5547,CA-2017-151008,09-07-2017,09-08-2017,First Class,Consumer,United States,Draper,Utah,84020,West,Furniture,25.16,2,0,10.5672
5555,US-2014-159618,11-12-2014,11/16/2014,Standard Class,Corporate,United States,Houston,Texas,77036,Central,Furniture,67.9932,1,0.32,-12.9987
5556,CA-2017-116113,10-02-2017,10-06-2017,Second Class,Corporate,United States,Montgomery,Alabama,36116,South,Furniture,10.16,2,0,3.4544
5557,CA-2015-125066,12/14/2015,12/18/2015,Standard Class,Corporate,United States,Jackson,Mississippi,39212,South,Furniture,6.16,2,0,1.9712
5568,CA-2017-157966,3/13/2017,3/13/2017,Same Day,Home Office,United States,Chicago,Illinois,60610,Central,Furniture,89.768,1,0.3,-2.5648
5577,CA-2016-136686,12-12-2016,12/16/2016,Standard Class,Consumer,United States,Pasadena,California,91104,West,Furniture,383.64,6,0,122.7648
5580,CA-2017-137498,09-09-2017,9/14/2017,Second Class,Consumer,United States,Los Angeles,California,90004,West,Furniture,243.92,5,0.2,-15.245
5582,CA-2017-163818,10-04-2017,10-08-2017,Standard Class,Home Office,United States,Clinton,Maryland,20735,East,Furniture,19.98,1,0,8.5914
5584,CA-2014-116673,12/15/2014,12/19/2014,Second Class,Consumer,United States,San Diego,California,92037,West,Furniture,6.16,2,0,1.9712
5592,CA-2014-164742,10/13/2014,10/18/2014,Second Class,Corporate,United States,Lakewood,New Jersey,8701,East,Furniture,245.98,2,0,27.0578
5606,CA-2016-134516,9/20/2016,9/25/2016,Standard Class,Corporate,United States,Greensboro,North Carolina,27405,South,Furniture,17.088,2,0.2,1.068
5607,CA-2016-134516,9/20/2016,9/25/2016,Standard Class,Corporate,United States,Greensboro,North Carolina,27405,South,Furniture,98.392,1,0.2,-11.0691
5618,CA-2017-125745,6/30/2017,07-04-2017,Standard Class,Corporate,United States,Memphis,Tennessee,38109,South,Furniture,19.52,2,0.2,5.368
5622,US-2016-124163,9/25/2016,9/30/2016,Standard Class,Corporate,United States,La Crosse,Wisconsin,54601,Central,Furniture,201.96,2,0,50.49
5623,US-2016-124163,9/25/2016,9/30/2016,Standard Class,Corporate,United States,La Crosse,Wisconsin,54601,Central,Furniture,68.64,11,0,17.16
5626,CA-2014-126683,9/29/2014,10-01-2014,Second Class,Home Office,United States,Seattle,Washington,98115,West,Furniture,6.16,2,0,2.9568
5627,CA-2014-126683,9/29/2014,10-01-2014,Second Class,Home Office,United States,Seattle,Washington,98115,West,Furniture,2348.82,9,0,399.2994
5629,CA-2017-148810,6/26/2017,07-01-2017,Standard Class,Corporate,United States,Miami,Florida,33180,South,Furniture,273.552,3,0.2,-13.6776
5630,US-2016-146066,8/21/2016,8/23/2016,Second Class,Home Office,United States,Philadelphia,Pennsylvania,19143,East,Furniture,815.292,9,0.4,-339.705
5632,CA-2014-127614,02-11-2014,2/15/2014,Standard Class,Consumer,United States,Chesapeake,Virginia,23320,South,Furniture,1256.22,6,0,75.3732
5638,CA-2017-113208,3/26/2017,04-02-2017,Standard Class,Corporate,United States,Dearborn,Michigan,48126,Central,Furniture,60.84,3,0,23.1192
5639,CA-2014-154893,12/21/2014,12/27/2014,Standard Class,Consumer,United States,San Diego,California,92024,West,Furniture,1325.76,6,0.2,149.148
5640,CA-2014-154893,12/21/2014,12/27/2014,Standard Class,Consumer,United States,San Diego,California,92024,West,Furniture,572.16,3,0.2,35.76
5643,CA-2016-127985,04-01-2016,04-05-2016,Second Class,Home Office,United States,Columbus,Georgia,31907,South,Furniture,7.04,4,0,3.0976
5646,CA-2017-127117,4/14/2017,4/19/2017,Standard Class,Corporate,United States,Morristown,New Jersey,7960,East,Furniture,74.45,5,0,20.1015
5647,CA-2015-104241,01-04-2015,01-09-2015,Standard Class,Corporate,United States,Alexandria,Virginia,22304,South,Furniture,192.22,14,0,69.1992
5652,CA-2017-142342,7/17/2017,7/19/2017,Second Class,Corporate,United States,Apple Valley,California,92307,West,Furniture,1194.165,5,0.15,210.735
5659,CA-2016-145261,12/18/2016,12/21/2016,First Class,Home Office,United States,Salem,Oregon,97301,West,Furniture,377.45,5,0.5,-264.215
5662,CA-2016-108875,9/24/2016,10-01-2016,Standard Class,Home Office,United States,Aurora,Colorado,80013,West,Furniture,21.44,2,0.2,7.504
5671,CA-2015-141012,06-09-2015,06-11-2015,Second Class,Consumer,United States,Pocatello,Idaho,83201,West,Furniture,355.36,4,0,92.3936
5678,CA-2014-126802,12/29/2014,01-05-2015,Standard Class,Consumer,United States,Chicago,Illinois,60610,Central,Furniture,38.976,3,0.6,-50.6688
5688,CA-2014-131541,7/28/2014,7/28/2014,Same Day,Consumer,United States,Apopka,Florida,32712,South,Furniture,129.888,6,0.2,12.9888
5690,CA-2015-119550,12/26/2015,12/31/2015,Standard Class,Home Office,United States,Houston,Texas,77070,Central,Furniture,275.058,3,0.3,-90.3762
5695,US-2015-138093,12-10-2015,12/16/2015,Standard Class,Corporate,United States,Baltimore,Maryland,21215,East,Furniture,542.94,3,0,141.1644
5696,CA-2016-126165,05-05-2016,05-07-2016,Second Class,Consumer,United States,San Francisco,California,94109,West,Furniture,71.088,2,0.2,-1.7772
5704,US-2014-123519,12/14/2014,12/21/2014,Standard Class,Consumer,United States,Marion,Ohio,43302,East,Furniture,136.53,1,0.4,-52.3365
5708,US-2015-160857,05-08-2015,5/15/2015,Standard Class,Consumer,United States,New York City,New York,10024,East,Furniture,79.44,3,0,30.1872
5710,US-2015-160857,05-08-2015,5/15/2015,Standard Class,Consumer,United States,New York City,New York,10024,East,Furniture,127.764,2,0.1,21.294
5731,CA-2017-117324,12-08-2017,12/13/2017,Standard Class,Consumer,United States,Madison,Wisconsin,53711,Central,Furniture,459.92,4,0,41.3928
5733,CA-2017-143574,6/29/2017,07-02-2017,First Class,Corporate,United States,Milford,Connecticut,6460,East,Furniture,638.82,9,0,185.2578
5735,CA-2017-143574,6/29/2017,07-02-2017,First Class,Corporate,United States,Milford,Connecticut,6460,East,Furniture,25.16,2,0,8.5544
5738,CA-2014-148614,1/20/2014,1/25/2014,Standard Class,Consumer,United States,Los Angeles,California,90049,West,Furniture,19.3,2,0,5.79
5741,US-2017-147886,3/28/2017,3/31/2017,First Class,Corporate,United States,Fairfield,California,94533,West,Furniture,26.48,1,0,10.0624
5746,US-2017-147886,3/28/2017,3/31/2017,First Class,Corporate,United States,Fairfield,California,94533,West,Furniture,21.56,7,0,6.8992
5751,CA-2014-145800,5/30/2014,06-05-2014,Standard Class,Consumer,United States,Buffalo Grove,Illinois,60089,Central,Furniture,355.455,3,0.5,-184.8366
5754,CA-2016-118514,02-03-2016,02-10-2016,Standard Class,Consumer,United States,Richmond,Kentucky,40475,South,Furniture,866.4,4,0,225.264
5758,CA-2015-119634,08-11-2015,8/16/2015,Standard Class,Consumer,United States,Raleigh,North Carolina,27604,South,Furniture,46.152,3,0.2,12.1149
5763,CA-2017-158169,08-12-2017,8/15/2017,First Class,Consumer,United States,Lake Forest,California,92630,West,Furniture,54.92,4,0,19.7712
5764,CA-2015-162047,11-03-2015,11-05-2015,First Class,Corporate,United States,Long Beach,New York,11561,East,Furniture,1448.82,10,0.1,209.274
5771,CA-2015-103835,9/24/2015,9/28/2015,Standard Class,Corporate,United States,Los Angeles,California,90032,West,Furniture,14.91,3,0,4.6221
5775,CA-2016-142398,04-12-2016,4/16/2016,Standard Class,Consumer,United States,Los Angeles,California,90036,West,Furniture,638.288,7,0.2,-31.9144
5780,CA-2014-105270,11-11-2014,11/18/2014,Standard Class,Consumer,United States,Los Angeles,California,90008,West,Furniture,112.648,1,0.2,11.2648
5785,CA-2017-141117,10-02-2017,10-08-2017,Standard Class,Consumer,United States,Springfield,Oregon,97477,West,Furniture,217.764,6,0.7,-384.7164
5789,CA-2017-115070,04-10-2017,4/14/2017,Second Class,Corporate,United States,Jacksonville,Florida,32216,South,Furniture,12.32,5,0.2,1.848
5792,CA-2017-140186,9/29/2017,10-02-2017,First Class,Consumer,United States,Bakersfield,California,93309,West,Furniture,72.784,1,0.2,0
5794,CA-2017-140186,9/29/2017,10-02-2017,First Class,Consumer,United States,Bakersfield,California,93309,West,Furniture,51.75,1,0,15.525
5797,CA-2014-124856,9/29/2014,10-03-2014,Second Class,Consumer,United States,New York City,New York,10011,East,Furniture,117.36,4,0,36.3816
5800,CA-2014-166716,8/20/2014,8/25/2014,Second Class,Consumer,United States,Chicago,Illinois,60610,Central,Furniture,421.372,2,0.3,-6.0196
5806,CA-2017-113873,11/13/2017,11/19/2017,Standard Class,Corporate,United States,Dallas,Texas,75220,Central,Furniture,205.9992,3,0.32,-27.2646
5810,CA-2016-125017,02-06-2016,02-11-2016,Standard Class,Corporate,United States,Chattanooga,Tennessee,37421,South,Furniture,132.224,4,0.2,-18.1808
5812,US-2015-163279,3/22/2015,3/26/2015,Standard Class,Corporate,United States,San Diego,California,92037,West,Furniture,91.96,2,0,15.6332
5823,CA-2017-117632,05-12-2017,5/18/2017,Standard Class,Corporate,United States,San Francisco,California,94122,West,Furniture,285.48,5,0.2,-10.7055
5827,CA-2017-161067,09-03-2017,09-06-2017,Second Class,Home Office,United States,New York City,New York,10035,East,Furniture,90.801,1,0.1,14.1246
5828,CA-2017-161067,09-03-2017,09-06-2017,Second Class,Home Office,United States,New York City,New York,10035,East,Furniture,181.764,2,0.1,-8.0784
5830,CA-2016-122063,12-03-2016,12-07-2016,Standard Class,Consumer,United States,Richmond,Indiana,47374,Central,Furniture,581.96,2,0,104.7528
5831,CA-2016-122063,12-03-2016,12-07-2016,Standard Class,Consumer,United States,Richmond,Indiana,47374,Central,Furniture,29.98,1,0,8.0946
5834,CA-2016-142895,7/21/2016,7/26/2016,Standard Class,Consumer,United States,Concord,North Carolina,28027,South,Furniture,363.92,5,0.2,0
5841,CA-2015-134992,9/22/2015,9/26/2015,Second Class,Home Office,United States,Arlington,Virginia,22204,South,Furniture,47.98,2,0,11.0354
5844,CA-2015-126725,11/17/2015,11/21/2015,Standard Class,Consumer,United States,San Diego,California,92105,West,Furniture,80.96,4,0,29.1456
5847,CA-2015-126725,11/17/2015,11/21/2015,Standard Class,Consumer,United States,San Diego,California,92105,West,Furniture,225.568,2,0.2,2.8196
5848,CA-2015-126725,11/17/2015,11/21/2015,Standard Class,Consumer,United States,San Diego,California,92105,West,Furniture,36.6,3,0,15.372
5853,CA-2015-121783,11-10-2015,11/14/2015,Standard Class,Home Office,United States,Roseville,Minnesota,55113,Central,Furniture,29.22,3,0,12.8568
5858,CA-2015-112214,08-05-2015,08-11-2015,Standard Class,Corporate,United States,Dallas,Texas,75220,Central,Furniture,14.76,5,0.6,-11.439
5859,US-2017-153255,09-03-2017,09-07-2017,Second Class,Consumer,United States,Concord,California,94521,West,Furniture,239.666,2,0.15,14.098
5860,CA-2015-108119,11-01-2015,11-08-2015,Standard Class,Consumer,United States,Conway,Arkansas,72032,South,Furniture,301.96,2,0,45.294
5867,US-2014-117968,08-05-2014,08-07-2014,Second Class,Corporate,United States,Meriden,Connecticut,6450,East,Furniture,1133.35,5,0,294.671
5870,CA-2016-152247,11-07-2016,11-12-2016,Standard Class,Home Office,United States,Cheyenne,Wyoming,82001,West,Furniture,1603.136,4,0.2,100.196
5871,CA-2016-128223,6/14/2016,6/14/2016,Same Day,Corporate,United States,Anaheim,California,92804,West,Furniture,1293.488,7,0.2,80.843
5872,CA-2016-154235,9/24/2016,9/28/2016,Standard Class,Consumer,United States,Bloomington,Indiana,47401,Central,Furniture,127.95,3,0,21.7515
5881,CA-2016-133935,9/18/2016,9/22/2016,Standard Class,Corporate,United States,San Diego,California,92105,West,Furniture,801.568,2,0.2,50.098
5883,CA-2016-133935,9/18/2016,9/22/2016,Standard Class,Corporate,United States,San Diego,California,92105,West,Furniture,885.528,9,0.2,-99.6219
5884,CA-2016-136301,3/13/2016,3/15/2016,Second Class,Corporate,United States,San Francisco,California,94109,West,Furniture,28.28,2,0,7.3528
5898,CA-2016-167682,04-03-2016,04-09-2016,Standard Class,Consumer,United States,Richmond,Indiana,47374,Central,Furniture,71.12,4,0,22.0472
5902,CA-2016-159639,11/27/2016,12-02-2016,Standard Class,Corporate,United States,Westfield,New Jersey,7090,East,Furniture,31.56,3,0,10.4148
5910,US-2016-113985,12-02-2016,12-07-2016,Standard Class,Corporate,United States,San Jose,California,95123,West,Furniture,14.52,3,0,5.6628
5916,US-2015-126977,9/17/2015,9/23/2015,Standard Class,Consumer,United States,New York City,New York,10035,East,Furniture,199.764,2,0.1,8.8784
5918,US-2015-126977,9/17/2015,9/23/2015,Standard Class,Consumer,United States,New York City,New York,10035,East,Furniture,4228.704,6,0.2,158.5764
5919,US-2015-126977,9/17/2015,9/23/2015,Standard Class,Consumer,United States,New York City,New York,10035,East,Furniture,2003.92,5,0.2,-25.049
5924,CA-2016-130288,11/26/2016,11/30/2016,Second Class,Corporate,United States,New York City,New York,10011,East,Furniture,313.176,2,0.4,-120.0508
5927,US-2014-118997,04-08-2014,04-12-2014,Standard Class,Corporate,United States,Decatur,Alabama,35601,South,Furniture,1215.92,8,0,316.1392
5929,CA-2014-114314,10-11-2014,10/15/2014,Standard Class,Corporate,United States,Fayetteville,Arkansas,72701,South,Furniture,8.92,4,0,3.9248
5930,US-2017-169551,07-07-2017,07-09-2017,First Class,Consumer,United States,Philadelphia,Pennsylvania,19120,East,Furniture,87.21,3,0.5,-45.3492
5936,CA-2016-103107,07-04-2016,07-04-2016,Same Day,Home Office,United States,Seattle,Washington,98103,West,Furniture,25.4,5,0,8.636
5944,CA-2014-104178,8/25/2014,8/29/2014,Standard Class,Corporate,United States,Los Angeles,California,90036,West,Furniture,6.28,1,0,2.6376
5955,CA-2014-155796,11-11-2014,11/15/2014,Second Class,Corporate,United States,Reading,Pennsylvania,19601,East,Furniture,23.968,2,0.2,7.7896
5956,CA-2014-155796,11-11-2014,11/15/2014,Second Class,Corporate,United States,Reading,Pennsylvania,19601,East,Furniture,521.96,4,0.5,-250.5408
5960,CA-2016-127138,03-12-2016,3/15/2016,Second Class,Corporate,United States,San Francisco,California,94109,West,Furniture,770.352,3,0.2,77.0352
5961,CA-2017-150602,02-09-2017,2/14/2017,Second Class,Corporate,United States,Los Angeles,California,90045,West,Furniture,21.12,4,0,6.5472
5972,CA-2014-141726,7/20/2014,7/22/2014,First Class,Consumer,United States,San Diego,California,92105,West,Furniture,43.02,3,0,15.4872
5973,CA-2017-115105,02-06-2017,02-11-2017,Standard Class,Consumer,United States,New York City,New York,10024,East,Furniture,240.784,1,0.2,30.098
5979,CA-2014-117765,09-07-2014,9/13/2014,Standard Class,Home Office,United States,Tulsa,Oklahoma,74133,Central,Furniture,429.9,5,0,111.774
5981,CA-2014-117765,09-07-2014,9/13/2014,Standard Class,Home Office,United States,Tulsa,Oklahoma,74133,Central,Furniture,161.96,2,0,45.3488
5985,CA-2016-163776,7/19/2016,7/25/2016,Standard Class,Consumer,United States,Hattiesburg,Mississippi,39401,South,Furniture,185.58,6,0,76.0878
5990,CA-2016-163776,7/19/2016,7/25/2016,Standard Class,Consumer,United States,Hattiesburg,Mississippi,39401,South,Furniture,504.9,5,0,126.225
5993,US-2017-163300,9/15/2017,9/21/2017,Standard Class,Consumer,United States,Los Angeles,California,90049,West,Furniture,184.752,3,0.2,-20.7846
5996,CA-2016-162187,12-11-2016,12-11-2016,Same Day,Corporate,United States,Columbus,Ohio,43229,East,Furniture,458.43,5,0.3,-137.529
5998,CA-2016-162187,12-11-2016,12-11-2016,Same Day,Corporate,United States,Columbus,Ohio,43229,East,Furniture,328.59,3,0.4,-147.8655
5999,US-2014-112991,12-10-2014,12/14/2014,Standard Class,Corporate,United States,Caldwell,Idaho,83605,West,Furniture,338.352,3,0.2,4.2294
6002,CA-2014-124079,12/13/2014,12/17/2014,Standard Class,Corporate,United States,Phoenix,Arizona,85023,West,Furniture,87.96,3,0.2,7.6965
6005,CA-2017-107244,09-07-2017,09-11-2017,Standard Class,Consumer,United States,Los Angeles,California,90004,West,Furniture,19.76,4,0,8.2992
6006,CA-2015-100657,11-02-2015,11-07-2015,Standard Class,Consumer,United States,Troy,New York,12180,East,Furniture,109.764,2,0.1,8.5372
6008,CA-2017-129028,04-01-2017,04-03-2017,First Class,Corporate,United States,Florence,South Carolina,29501,South,Furniture,127.95,3,0,21.7515
6016,CA-2014-102652,04-06-2014,04-12-2014,Standard Class,Corporate,United States,Los Angeles,California,90049,West,Furniture,91.96,2,0,15.6332
6017,CA-2014-102652,04-06-2014,04-12-2014,Standard Class,Corporate,United States,Los Angeles,California,90049,West,Furniture,33.11,7,0,12.9129
6031,US-2017-152492,07-06-2017,07-06-2017,Same Day,Consumer,United States,Miami,Florida,33142,South,Furniture,239.24,1,0.2,23.924
6032,CA-2016-101168,12/25/2016,01-01-2017,Standard Class,Corporate,United States,Nashua,New Hampshire,3060,East,Furniture,21.12,4,0,6.5472
6034,CA-2015-130253,12/14/2015,12/18/2015,Standard Class,Home Office,United States,Los Angeles,California,90036,West,Furniture,15.24,3,0,5.1816
6037,CA-2016-131205,09-04-2016,09-08-2016,Standard Class,Consumer,United States,Georgetown,Kentucky,40324,South,Furniture,42.6,3,0,16.614
6043,CA-2016-117912,02-04-2016,02-08-2016,Standard Class,Consumer,United States,Sierra Vista,Arizona,85635,West,Furniture,14.368,2,0.2,3.9512
6044,CA-2017-145702,5/19/2017,5/24/2017,Second Class,Corporate,United States,Knoxville,Tennessee,37918,South,Furniture,314.352,3,0.2,-35.3646
6046,CA-2015-113215,09-03-2015,09-08-2015,Standard Class,Corporate,United States,Tucson,Arizona,85705,West,Furniture,238.152,3,0.2,89.307
6047,CA-2016-154662,06-09-2016,6/16/2016,Standard Class,Home Office,United States,Minneapolis,Minnesota,55407,Central,Furniture,692.94,3,0,173.235
6054,CA-2016-124016,9/23/2016,9/26/2016,Second Class,Home Office,United States,Lancaster,Ohio,43130,East,Furniture,28,4,0.2,7.7
6068,CA-2017-166695,5/20/2017,5/24/2017,Standard Class,Home Office,United States,Lakewood,California,90712,West,Furniture,518.272,8,0.2,-97.176
6069,CA-2017-166695,5/20/2017,5/24/2017,Standard Class,Home Office,United States,Lakewood,California,90712,West,Furniture,6.98,1,0,3.3504
6080,CA-2016-151561,09-01-2016,09-07-2016,Standard Class,Consumer,United States,New York City,New York,10011,East,Furniture,191.82,3,0,61.3824
6082,US-2014-165589,2/18/2014,2/18/2014,Same Day,Consumer,United States,Lubbock,Texas,79424,Central,Furniture,25.16,5,0.6,-11.322
6088,CA-2015-114048,12/14/2015,12/18/2015,Standard Class,Consumer,United States,Costa Mesa,California,92627,West,Furniture,29.22,3,0,12.8568
6091,CA-2017-100111,9/20/2017,9/26/2017,Standard Class,Consumer,United States,New York City,New York,10035,East,Furniture,272.646,3,0.1,18.1764
6097,CA-2017-100111,9/20/2017,9/26/2017,Standard Class,Consumer,United States,New York City,New York,10035,East,Furniture,80.991,1,0.1,8.0991
6100,CA-2017-100111,9/20/2017,9/26/2017,Standard Class,Consumer,United States,New York City,New York,10035,East,Furniture,2888.127,11,0.1,609.7157
6102,CA-2017-100111,9/20/2017,9/26/2017,Standard Class,Consumer,United States,New York City,New York,10035,East,Furniture,2254.41,5,0.1,375.735
6105,US-2017-132381,8/22/2017,8/24/2017,First Class,Home Office,United States,Philadelphia,Pennsylvania,19143,East,Furniture,314.532,2,0.4,-83.8752
6111,CA-2016-124590,11-12-2016,11/16/2016,Standard Class,Consumer,United States,Parma,Ohio,44134,East,Furniture,1474.802,7,0.3,-21.0686
6114,CA-2016-124590,11-12-2016,11/16/2016,Standard Class,Consumer,United States,Parma,Ohio,44134,East,Furniture,1537.074,9,0.3,0
6115,CA-2016-124590,11-12-2016,11/16/2016,Standard Class,Consumer,United States,Parma,Ohio,44134,East,Furniture,449.372,2,0.3,-12.8392
6121,CA-2017-143378,9/19/2017,9/25/2017,Standard Class,Corporate,United States,Springfield,Oregon,97477,West,Furniture,409.216,8,0.2,61.3824
6122,CA-2017-143378,9/19/2017,9/25/2017,Standard Class,Corporate,United States,Springfield,Oregon,97477,West,Furniture,72.588,2,0.7,-128.2388
6128,CA-2016-124100,3/31/2016,04-06-2016,Standard Class,Consumer,United States,New York City,New York,10009,East,Furniture,327.996,6,0.1,54.666
6132,CA-2014-163447,12/27/2014,12/31/2014,Standard Class,Home Office,United States,New York City,New York,10011,East,Furniture,767.214,14,0.1,161.9674
6134,CA-2016-148096,8/16/2016,8/19/2016,First Class,Corporate,United States,Los Angeles,California,90045,West,Furniture,161.28,2,0.2,12.096
6139,CA-2014-131247,3/30/2014,04-04-2014,Standard Class,Consumer,United States,San Francisco,California,94110,West,Furniture,205.666,2,0.15,-12.098
6150,CA-2017-101322,12/28/2017,12/31/2017,First Class,Corporate,United States,Long Beach,California,90805,West,Furniture,340.704,6,0.2,-34.0704
6151,US-2016-106600,04-08-2016,04-11-2016,First Class,Consumer,United States,Columbus,Georgia,31907,South,Furniture,354.9,5,0,88.725
6152,CA-2014-111871,3/18/2014,3/21/2014,Second Class,Home Office,United States,San Francisco,California,94110,West,Furniture,1198.33,10,0.15,70.49
6154,CA-2017-151484,4/20/2017,4/23/2017,First Class,Corporate,United States,Philadelphia,Pennsylvania,19120,East,Furniture,51.968,2,0.2,10.3936
6157,CA-2017-151484,4/20/2017,4/23/2017,First Class,Corporate,United States,Philadelphia,Pennsylvania,19120,East,Furniture,42.408,3,0.2,9.5418
6165,CA-2014-103989,3/19/2014,3/21/2014,First Class,Corporate,United States,Lakeland,Florida,33801,South,Furniture,4.992,3,0.2,1.3728
6166,CA-2014-103989,3/19/2014,3/21/2014,First Class,Corporate,United States,Lakeland,Florida,33801,South,Furniture,20.016,3,0.2,5.5044
6176,CA-2015-158421,9/21/2015,9/26/2015,Standard Class,Consumer,United States,Columbia,South Carolina,29203,South,Furniture,1690.04,4,0,422.51
6185,CA-2016-143609,12-11-2016,12/13/2016,First Class,Home Office,United States,Portland,Oregon,97206,West,Furniture,403.92,5,0.2,25.245
6191,CA-2016-157259,12/24/2016,12/28/2016,Standard Class,Consumer,United States,New York City,New York,10035,East,Furniture,799.56,9,0,207.8856
6203,CA-2016-118332,12/16/2016,12/23/2016,Standard Class,Consumer,United States,Apple Valley,California,92307,West,Furniture,563.92,5,0.2,7.049
6205,CA-2017-145660,12-01-2017,12-03-2017,First Class,Home Office,United States,Marion,Ohio,43302,East,Furniture,7.712,2,0.2,1.7352
6208,CA-2016-133697,10/20/2016,10/24/2016,Second Class,Consumer,United States,Houston,Texas,77095,Central,Furniture,56.686,1,0.3,-14.5764
6212,CA-2017-119809,8/18/2017,8/25/2017,Standard Class,Corporate,United States,Seattle,Washington,98103,West,Furniture,65.94,3,0,22.4196
6216,CA-2015-161711,11/28/2015,12-03-2015,Standard Class,Corporate,United States,New York City,New York,10035,East,Furniture,68.16,3,0,27.9456
6223,CA-2017-140627,12/23/2017,12/27/2017,Standard Class,Consumer,United States,Hendersonville,Tennessee,37075,South,Furniture,72.704,4,0.2,19.0848
6226,CA-2015-133445,10-05-2015,10-09-2015,Standard Class,Consumer,United States,Portland,Oregon,97206,West,Furniture,66.294,1,0.7,-103.8606
6227,CA-2015-133445,10-05-2015,10-09-2015,Standard Class,Consumer,United States,Portland,Oregon,97206,West,Furniture,291.168,4,0.2,-14.5584
6232,US-2017-142188,09-11-2017,09-11-2017,Same Day,Consumer,United States,Seattle,Washington,98105,West,Furniture,177.568,2,0.2,8.8784
6239,CA-2015-134075,12-12-2015,12/16/2015,Standard Class,Consumer,United States,San Jose,California,95123,West,Furniture,166.5,3,0,21.645
6242,CA-2017-141572,5/28/2017,5/31/2017,Second Class,Corporate,United States,Concord,New Hampshire,3301,East,Furniture,247.44,8,0,101.4504
6246,CA-2015-112305,11/20/2015,11/25/2015,Standard Class,Home Office,United States,Seattle,Washington,98105,West,Furniture,22.14,3,0,6.4206
6249,CA-2017-121580,5/29/2017,06-04-2017,Standard Class,Consumer,United States,Columbus,Indiana,47201,Central,Furniture,6.24,3,0,2.6208
6255,CA-2015-151624,09-08-2015,9/14/2015,Standard Class,Corporate,United States,Montgomery,Alabama,36116,South,Furniture,21.36,8,0,8.1168
6271,CA-2017-102379,12-02-2017,12-06-2017,Standard Class,Corporate,United States,Oakland,California,94601,West,Furniture,1159.056,9,0.2,43.4646
6274,US-2016-139087,7/17/2016,7/22/2016,Second Class,Consumer,United States,Seattle,Washington,98105,West,Furniture,12.42,3,0,4.4712
6276,US-2016-139087,7/17/2016,7/22/2016,Second Class,Consumer,United States,Seattle,Washington,98105,West,Furniture,24.75,5,0,10.89
6282,CA-2015-116484,11/20/2015,11/26/2015,Standard Class,Consumer,United States,Marion,Ohio,43302,East,Furniture,63.824,2,0.2,9.5736
6285,CA-2016-100944,9/24/2016,9/28/2016,Standard Class,Corporate,United States,Los Angeles,California,90049,West,Furniture,563.24,5,0.2,56.324
6286,CA-2016-125080,10/21/2016,10/26/2016,Standard Class,Corporate,United States,Lakewood,Ohio,44107,East,Furniture,661.176,2,0.4,-231.4116
6288,CA-2014-100090,07-08-2014,07-12-2014,Standard Class,Corporate,United States,San Francisco,California,94122,West,Furniture,502.488,3,0.2,-87.9354
6290,US-2015-139675,3/13/2015,3/18/2015,Second Class,Home Office,United States,Chico,California,95928,West,Furniture,915.136,4,0.2,102.9528
6291,US-2015-139675,3/13/2015,3/18/2015,Second Class,Home Office,United States,Chico,California,95928,West,Furniture,327.76,8,0,91.7728
6292,CA-2017-143756,12-02-2017,12-05-2017,First Class,Consumer,United States,Salem,Virginia,24153,South,Furniture,701.96,2,0,168.4704
6300,CA-2017-107314,11/30/2017,12-03-2017,First Class,Home Office,United States,San Francisco,California,94109,West,Furniture,25.83,3,0,9.5571
6307,CA-2016-163328,11-04-2016,11-06-2016,Second Class,Corporate,United States,Eugene,Oregon,97405,West,Furniture,104.784,1,0.2,-14.4078
6309,CA-2016-163328,11-04-2016,11-06-2016,Second Class,Corporate,United States,Eugene,Oregon,97405,West,Furniture,650.352,3,0.2,-97.5528
6312,CA-2014-112837,09-11-2014,9/16/2014,Standard Class,Consumer,United States,Oxnard,California,93030,West,Furniture,127.95,3,0,21.7515
6328,CA-2014-167927,1/20/2014,1/26/2014,Standard Class,Consumer,United States,Westland,Michigan,48185,Central,Furniture,272.94,3,0,30.0234
6333,CA-2014-167927,1/20/2014,1/26/2014,Standard Class,Consumer,United States,Westland,Michigan,48185,Central,Furniture,14.73,3,0,4.8609
6337,CA-2016-165995,8/30/2016,09-06-2016,Standard Class,Consumer,United States,Los Angeles,California,90008,West,Furniture,47.04,4,0,15.9936
6340,CA-2017-143112,10-05-2017,10-09-2017,Standard Class,Corporate,United States,New York City,New York,10035,East,Furniture,221.382,2,0.1,2.4598
6351,CA-2017-161557,09-03-2017,09-08-2017,Standard Class,Consumer,United States,Dallas,Texas,75217,Central,Furniture,108.4,5,0.6,-105.69
6370,CA-2016-103919,10-03-2016,10-07-2016,Standard Class,Corporate,United States,Grand Prairie,Texas,75051,Central,Furniture,38.08,5,0.6,-29.512
6371,CA-2016-113425,11/21/2016,11/21/2016,Same Day,Home Office,United States,New York City,New York,10009,East,Furniture,113.568,2,0.2,12.7764
6372,CA-2017-143035,10-03-2017,10-05-2017,Second Class,Home Office,United States,New York City,New York,10009,East,Furniture,83.92,4,0,21.8192
6375,CA-2014-107811,4/29/2014,05-03-2014,Standard Class,Corporate,United States,Memphis,Tennessee,38109,South,Furniture,561.584,2,0.2,70.198
6378,US-2016-116442,12/15/2016,12/22/2016,Standard Class,Consumer,United States,Los Angeles,California,90004,West,Furniture,14.76,2,0,4.2804
6382,CA-2016-127236,3/29/2016,04-02-2016,Standard Class,Consumer,United States,Springfield,Ohio,45503,East,Furniture,299.975,5,0.5,-167.986
6395,CA-2016-129126,12/14/2016,12/19/2016,Standard Class,Consumer,United States,New York City,New York,10011,East,Furniture,396.92,4,0,198.46
6402,CA-2017-125472,5/30/2017,5/31/2017,First Class,Consumer,United States,Lafayette,Louisiana,70506,South,Furniture,241.96,2,0,33.8744
6404,CA-2017-125472,5/30/2017,5/31/2017,First Class,Consumer,United States,Lafayette,Louisiana,70506,South,Furniture,8.01,3,0,3.0438
6406,CA-2017-154074,8/31/2017,09-02-2017,Second Class,Corporate,United States,Spokane,Washington,99207,West,Furniture,569.568,2,0.2,7.1196
6408,CA-2017-161774,5/14/2017,5/15/2017,First Class,Consumer,United States,Houston,Texas,77041,Central,Furniture,899.43,5,0.3,-12.849
6420,CA-2016-140130,10/31/2016,11-05-2016,Standard Class,Corporate,United States,Tulsa,Oklahoma,74133,Central,Furniture,368.97,3,0,81.1734
6424,CA-2015-149650,10/24/2015,10/27/2015,First Class,Home Office,United States,Oakland,California,94601,West,Furniture,454.272,8,0.2,-73.8192
6431,CA-2014-165764,11-03-2014,11-07-2014,Standard Class,Consumer,United States,Jacksonville,North Carolina,28540,South,Furniture,945.036,6,0.4,-299.2614
6433,CA-2014-165764,11-03-2014,11-07-2014,Standard Class,Consumer,United States,Jacksonville,North Carolina,28540,South,Furniture,410.352,3,0.2,-51.294
6436,US-2017-116897,5/27/2017,5/29/2017,First Class,Consumer,United States,Pocatello,Idaho,83201,West,Furniture,35,4,0,14.7
6439,US-2017-113992,12/14/2017,12/19/2017,Standard Class,Consumer,United States,Plano,Texas,75023,Central,Furniture,974.988,4,0.3,-97.4988
6440,CA-2014-166891,10-04-2014,10-06-2014,First Class,Consumer,United States,New York City,New York,10024,East,Furniture,589.41,5,0.1,-6.549
6445,CA-2016-101161,10/13/2016,10/20/2016,Standard Class,Corporate,United States,New York City,New York,10024,East,Furniture,82.26,3,0,33.7266
6447,US-2017-119816,03-04-2017,03-06-2017,Second Class,Home Office,United States,Houston,Texas,77095,Central,Furniture,103.5,5,0.6,-77.625
6456,CA-2017-161102,7/31/2017,08-03-2017,First Class,Consumer,United States,San Francisco,California,94110,West,Furniture,36.96,7,0,11.4576
6463,US-2017-133361,5/14/2017,5/17/2017,First Class,Corporate,United States,Baltimore,Maryland,21215,East,Furniture,261.96,2,0,23.5764
6465,US-2016-155404,9/22/2016,9/28/2016,Standard Class,Home Office,United States,Louisville,Kentucky,40214,South,Furniture,13.28,2,0,6.3744
6470,CA-2016-163804,12-02-2016,12-08-2016,Standard Class,Home Office,United States,Providence,Rhode Island,2908,East,Furniture,72.42,6,0,23.8986
6475,CA-2014-149524,1/14/2014,1/15/2014,First Class,Corporate,United States,Philadelphia,Pennsylvania,19140,East,Furniture,61.96,4,0.5,-53.2856
6482,CA-2017-140872,06-03-2017,06-10-2017,Standard Class,Consumer,United States,Pembroke Pines,Florida,33024,South,Furniture,241.568,2,0.2,0
6484,CA-2017-113908,06-03-2017,06-09-2017,Standard Class,Corporate,United States,New York City,New York,10011,East,Furniture,384.768,2,0.4,-115.4304
6491,CA-2014-149594,9/15/2014,9/19/2014,Standard Class,Corporate,United States,Philadelphia,Pennsylvania,19120,East,Furniture,103.936,4,0.2,16.8896
6492,CA-2016-113845,11/20/2016,11/25/2016,Standard Class,Corporate,United States,Orlando,Florida,32839,South,Furniture,289.568,2,0.2,10.8588
6498,CA-2015-103135,7/24/2015,7/28/2015,Standard Class,Home Office,United States,Louisville,Kentucky,40214,South,Furniture,20.94,3,0,6.0726
6508,US-2016-128909,10-09-2016,10-11-2016,Second Class,Corporate,United States,Philadelphia,Pennsylvania,19143,East,Furniture,332.832,4,0.2,-24.9624
6516,US-2017-116652,9/15/2017,9/19/2017,Standard Class,Consumer,United States,San Francisco,California,94122,West,Furniture,218.352,3,0.2,0
6517,US-2017-116652,9/15/2017,9/19/2017,Standard Class,Consumer,United States,San Francisco,California,94122,West,Furniture,529.9,5,0,105.98
6522,CA-2017-138289,1/16/2017,1/18/2017,Second Class,Consumer,United States,Jackson,Michigan,49201,Central,Furniture,302.67,3,0,72.6408
6536,CA-2014-128209,11/17/2014,11/22/2014,Standard Class,Consumer,United States,Buffalo,New York,14215,East,Furniture,4007.84,10,0.2,-50.098
6537,CA-2014-169684,10/20/2014,10/23/2014,First Class,Corporate,United States,Knoxville,Tennessee,37918,South,Furniture,328.59,3,0.4,-147.8655
6540,CA-2015-109862,10/25/2015,10/30/2015,Standard Class,Corporate,United States,Newark,Delaware,19711,East,Furniture,291.1,5,0,75.686
6542,US-2017-107888,11/16/2017,11/19/2017,First Class,Consumer,United States,Seattle,Washington,98103,West,Furniture,139.92,2,0,23.7864
6548,CA-2014-113880,03-01-2014,03-05-2014,Standard Class,Home Office,United States,Elmhurst,Illinois,60126,Central,Furniture,634.116,6,0.3,-172.1172
6550,US-2015-164966,7/30/2015,08-01-2015,First Class,Home Office,United States,Lakeville,Minnesota,55044,Central,Furniture,155.88,6,0,38.97
6551,CA-2015-126739,11-01-2015,11-03-2015,Second Class,Consumer,United States,New York City,New York,10035,East,Furniture,327.564,4,0.1,21.8376
6559,CA-2015-166947,06-05-2015,06-10-2015,Standard Class,Corporate,United States,Buffalo,New York,14215,East,Furniture,1522.638,9,0.1,169.182
6564,CA-2014-166086,05-07-2014,05-12-2014,Standard Class,Consumer,United States,Lawrence,Massachusetts,1841,East,Furniture,194.25,2,0.3,-38.85
6566,CA-2014-166086,05-07-2014,05-12-2014,Standard Class,Consumer,United States,Lawrence,Massachusetts,1841,East,Furniture,872.32,4,0,244.2496
6570,CA-2014-100678,4/18/2014,4/22/2014,Standard Class,Consumer,United States,Houston,Texas,77095,Central,Furniture,317.058,3,0.3,-18.1176
6577,CA-2017-123085,03-03-2017,03-08-2017,Standard Class,Consumer,United States,Los Angeles,California,90008,West,Furniture,170.352,3,0.2,-17.0352
6582,CA-2016-169887,10/22/2016,10/22/2016,Same Day,Consumer,United States,Seattle,Washington,98105,West,Furniture,101.94,3,0,30.582
6586,CA-2017-104731,7/21/2017,7/27/2017,Standard Class,Consumer,United States,Salem,Virginia,24153,South,Furniture,8.8,5,0,3.872
6588,CA-2017-104731,7/21/2017,7/27/2017,Standard Class,Consumer,United States,Salem,Virginia,24153,South,Furniture,302.94,3,0,69.6762
6600,CA-2014-154095,12-02-2014,12-07-2014,Standard Class,Corporate,United States,Clinton,Maryland,20735,East,Furniture,60.72,3,0,23.6808
6602,CA-2014-154095,12-02-2014,12-07-2014,Standard Class,Corporate,United States,Clinton,Maryland,20735,East,Furniture,239.84,8,0,64.7568
6608,CA-2016-148852,5/26/2016,5/31/2016,Standard Class,Consumer,United States,Santa Ana,California,92704,West,Furniture,484.704,6,0.2,-84.8232
6612,CA-2015-107678,4/21/2015,4/28/2015,Standard Class,Consumer,United States,Louisville,Kentucky,40214,South,Furniture,191.96,2,0,51.8292
6615,CA-2015-107678,4/21/2015,4/28/2015,Standard Class,Consumer,United States,Louisville,Kentucky,40214,South,Furniture,209.88,3,0,35.6796
6616,CA-2016-123512,6/17/2016,6/19/2016,First Class,Consumer,United States,Los Angeles,California,90045,West,Furniture,239.666,2,0.15,14.098
6622,US-2017-167402,1/13/2017,1/18/2017,Second Class,Corporate,United States,Springfield,Missouri,65807,Central,Furniture,212.94,3,0,53.235
6623,CA-2014-130449,09-06-2014,09-09-2014,First Class,Corporate,United States,San Francisco,California,94109,West,Furniture,41.88,6,0,12.1452
6625,CA-2015-141250,1/19/2015,1/23/2015,Standard Class,Consumer,United States,Texas City,Texas,77590,Central,Furniture,102.438,1,0.3,-13.1706
6626,CA-2015-141250,1/19/2015,1/23/2015,Standard Class,Consumer,United States,Texas City,Texas,77590,Central,Furniture,199.304,4,0.3,-8.5416
6631,CA-2016-105081,12/25/2016,12/30/2016,Standard Class,Consumer,United States,Seattle,Washington,98115,West,Furniture,698.352,3,0.2,52.3764
6632,CA-2016-105081,12/25/2016,12/30/2016,Standard Class,Consumer,United States,Seattle,Washington,98115,West,Furniture,1747.25,5,0,629.01
6640,CA-2014-108609,10/31/2014,11-02-2014,Second Class,Corporate,United States,Lorain,Ohio,44052,East,Furniture,1421.664,8,0.4,-734.5264
6647,US-2016-127334,12/15/2016,12/21/2016,Standard Class,Home Office,United States,Springfield,Oregon,97477,West,Furniture,564.195,3,0.5,-304.6653
6652,US-2017-124779,09-08-2017,09-11-2017,First Class,Corporate,United States,Arlington,Texas,76017,Central,Furniture,21.184,2,0.6,-11.6512
6654,US-2017-124779,09-08-2017,09-11-2017,First Class,Corporate,United States,Arlington,Texas,76017,Central,Furniture,213.43,5,0.3,-39.637
6659,CA-2017-135937,2/20/2017,2/27/2017,Standard Class,Home Office,United States,Gilbert,Arizona,85234,West,Furniture,68.704,2,0.2,16.3172
6660,CA-2017-135937,2/20/2017,2/27/2017,Standard Class,Home Office,United States,Gilbert,Arizona,85234,West,Furniture,386.91,9,0.5,-185.7168
6664,CA-2017-162173,10/26/2017,11-01-2017,Standard Class,Consumer,United States,Virginia Beach,Virginia,23464,South,Furniture,356.85,5,0,60.6645
6667,CA-2017-122175,05-12-2017,5/14/2017,Second Class,Consumer,United States,Vineland,New Jersey,8360,East,Furniture,42.85,5,0,15.426
6674,CA-2015-135510,09-05-2015,09-12-2015,Standard Class,Home Office,United States,Charlottesville,Virginia,22901,South,Furniture,67.96,4,0,12.2328
6679,CA-2014-150329,10-10-2014,10/14/2014,Standard Class,Home Office,United States,Phoenix,Arizona,85023,West,Furniture,46.872,7,0.2,3.5154
6684,CA-2014-109134,11-05-2014,11-10-2014,Standard Class,Home Office,United States,Los Angeles,California,90008,West,Furniture,20.04,6,0,8.8176
6686,US-2015-129637,12/17/2015,12/22/2015,Standard Class,Consumer,United States,Bloomington,Illinois,61701,Central,Furniture,41.552,2,0.6,-19.7372
6700,CA-2017-145429,7/21/2017,7/25/2017,Standard Class,Consumer,United States,San Diego,California,92024,West,Furniture,225.296,2,0.2,22.5296
6702,CA-2015-153535,5/20/2015,5/24/2015,Standard Class,Consumer,United States,Wilson,North Carolina,27893,South,Furniture,163.136,4,0.2,20.392
6709,CA-2015-123141,11/14/2015,11/19/2015,Standard Class,Consumer,United States,Rio Rancho,New Mexico,87124,West,Furniture,883.84,4,0.2,99.432
6710,CA-2015-123141,11/14/2015,11/19/2015,Standard Class,Consumer,United States,Rio Rancho,New Mexico,87124,West,Furniture,230.352,3,0.2,20.1558
6713,CA-2017-107629,12/14/2017,12/14/2017,Same Day,Consumer,United States,Skokie,Illinois,60076,Central,Furniture,266.352,6,0.6,-292.9872
6714,CA-2017-107629,12/14/2017,12/14/2017,Same Day,Consumer,United States,Skokie,Illinois,60076,Central,Furniture,56.328,3,0.6,-26.7558
6719,CA-2016-134789,04-08-2016,4/15/2016,Standard Class,Home Office,United States,Hot Springs,Arkansas,71901,South,Furniture,159.92,4,0,31.984
6729,CA-2016-165827,11-04-2016,11-09-2016,Standard Class,Corporate,United States,Miami,Florida,33180,South,Furniture,50.496,6,0.2,8.2056
6731,CA-2015-156734,6/18/2015,6/20/2015,First Class,Corporate,United States,Smyrna,Tennessee,37167,South,Furniture,643.136,4,0.2,56.2744
6741,CA-2014-144029,5/26/2014,5/31/2014,Standard Class,Consumer,United States,Chicago,Illinois,60623,Central,Furniture,359.772,2,0.3,-5.1396
6743,US-2017-101784,07-06-2017,07-11-2017,Standard Class,Consumer,United States,Los Angeles,California,90008,West,Furniture,122.136,3,0.2,-13.7403
6751,CA-2016-154767,6/28/2016,6/30/2016,Second Class,Consumer,United States,Paterson,New Jersey,7501,East,Furniture,121.96,2,0,20.7332
6756,CA-2017-124205,9/15/2017,9/19/2017,Standard Class,Corporate,United States,Lakewood,New Jersey,8701,East,Furniture,47.4,5,0,18.96
6757,CA-2017-124205,9/15/2017,9/19/2017,Standard Class,Corporate,United States,Lakewood,New Jersey,8701,East,Furniture,512.96,4,0,143.6288
6762,CA-2016-162943,7/24/2016,7/26/2016,Second Class,Corporate,United States,New York City,New York,10035,East,Furniture,253.764,2,0.1,31.0156
6766,CA-2017-100615,4/20/2017,4/24/2017,Standard Class,Consumer,United States,Chicago,Illinois,60653,Central,Furniture,317.058,3,0.3,-18.1176
6768,CA-2017-100615,4/20/2017,4/24/2017,Standard Class,Consumer,United States,Chicago,Illinois,60653,Central,Furniture,14.56,5,0.6,-6.188
6779,US-2016-147711,09-03-2016,09-08-2016,Second Class,Consumer,United States,Baltimore,Maryland,21215,East,Furniture,344.94,3,0,31.0446
6780,US-2016-147711,09-03-2016,09-08-2016,Second Class,Consumer,United States,Baltimore,Maryland,21215,East,Furniture,14.76,2,0,4.2804
6783,CA-2017-121293,7/25/2017,7/28/2017,Second Class,Consumer,United States,Philadelphia,Pennsylvania,19143,East,Furniture,20.096,4,0.2,3.0144
6785,CA-2017-121293,7/25/2017,7/28/2017,Second Class,Consumer,United States,Philadelphia,Pennsylvania,19143,East,Furniture,138.588,1,0.4,-34.647
6788,CA-2015-118843,9/13/2015,9/20/2015,Standard Class,Consumer,United States,Atlanta,Georgia,30318,South,Furniture,129.93,3,0,12.993
6792,CA-2016-162348,11-10-2016,11/15/2016,Standard Class,Home Office,United States,Sacramento,California,95823,West,Furniture,9.98,1,0,2.7944
6796,CA-2015-145394,11/16/2015,11/20/2015,Standard Class,Corporate,United States,Chicago,Illinois,60610,Central,Furniture,34.504,2,0.6,-15.5268
6797,CA-2015-168809,8/25/2015,8/25/2015,Same Day,Consumer,United States,Houston,Texas,77041,Central,Furniture,20.104,2,0.6,-16.5858
6799,CA-2015-168809,8/25/2015,8/25/2015,Same Day,Consumer,United States,Houston,Texas,77041,Central,Furniture,7.88,5,0.6,-3.94
6800,CA-2016-109827,12/25/2016,01-01-2017,Standard Class,Corporate,United States,Phoenix,Arizona,85023,West,Furniture,35.445,1,0.5,-24.1026
6804,CA-2016-109827,12/25/2016,01-01-2017,Standard Class,Corporate,United States,Phoenix,Arizona,85023,West,Furniture,47.968,2,0.2,4.1972
6809,CA-2015-128125,3/31/2015,04-05-2015,Standard Class,Corporate,United States,Houston,Texas,77095,Central,Furniture,22.38,3,0.6,-7.833
6812,CA-2017-156237,9/14/2017,9/15/2017,First Class,Consumer,United States,Philadelphia,Pennsylvania,19140,East,Furniture,113.372,2,0.3,-29.1528
6814,CA-2017-156237,9/14/2017,9/15/2017,First Class,Consumer,United States,Philadelphia,Pennsylvania,19140,East,Furniture,127.936,8,0.2,4.7976
6816,CA-2014-144414,6/17/2014,6/21/2014,Standard Class,Consumer,United States,Seattle,Washington,98105,West,Furniture,6.24,3,0,2.6208
6820,CA-2017-163860,12/28/2017,01-01-2018,Standard Class,Corporate,United States,Peoria,Illinois,61604,Central,Furniture,7.968,3,0.6,-2.3904
6821,CA-2017-163860,12/28/2017,01-01-2018,Standard Class,Corporate,United States,Peoria,Illinois,61604,Central,Furniture,113.372,2,0.3,-3.2392
6822,CA-2017-163860,12/28/2017,01-01-2018,Standard Class,Corporate,United States,Peoria,Illinois,61604,Central,Furniture,2.96,2,0.6,-1.406
6825,CA-2015-154291,7/25/2015,7/29/2015,Standard Class,Corporate,United States,Montgomery,Alabama,36116,South,Furniture,358.58,2,0,39.4438
6834,CA-2016-153101,09-08-2016,09-08-2016,Same Day,Consumer,United States,Santa Ana,California,92704,West,Furniture,146.04,1,0.2,-12.7785
6837,CA-2017-142643,10/15/2017,10/20/2017,Standard Class,Corporate,United States,Thousand Oaks,California,91360,West,Furniture,22.72,1,0,9.3152
6845,CA-2016-123946,09-12-2016,9/17/2016,Standard Class,Corporate,United States,Springfield,Virginia,22153,South,Furniture,1059.12,4,0,307.1448
6846,CA-2014-147543,07-06-2014,07-12-2014,Standard Class,Home Office,United States,El Cajon,California,92020,West,Furniture,478.48,2,0.2,47.848
6850,CA-2014-101462,4/20/2014,4/25/2014,Standard Class,Consumer,United States,Los Angeles,California,90045,West,Furniture,59.92,4,0,27.5632
6851,US-2016-100461,01-08-2016,01-12-2016,Standard Class,Corporate,United States,Franklin,Wisconsin,53132,Central,Furniture,1565.88,6,0,407.1288
6863,CA-2017-128965,4/17/2017,4/22/2017,Standard Class,Consumer,United States,Los Angeles,California,90008,West,Furniture,218.352,3,0.2,-19.1058
6869,US-2016-126452,8/21/2016,8/28/2016,Standard Class,Corporate,United States,Los Angeles,California,90004,West,Furniture,2887.056,9,0.2,180.441
6877,US-2016-121013,09-05-2016,09-10-2016,Standard Class,Consumer,United States,Chesapeake,Virginia,23320,South,Furniture,1652.94,3,0,314.0586
6878,US-2015-123918,10/15/2015,10/15/2015,Same Day,Consumer,United States,Dallas,Texas,75217,Central,Furniture,131.376,6,0.6,-95.2476
6880,CA-2015-137113,12-01-2015,12-05-2015,Second Class,Home Office,United States,Seattle,Washington,98105,West,Furniture,2003.92,5,0.2,125.245
6882,CA-2015-137113,12-01-2015,12-05-2015,Second Class,Home Office,United States,Seattle,Washington,98105,West,Furniture,1913.4,9,0,401.814
6885,CA-2015-120677,5/31/2015,06-04-2015,Standard Class,Consumer,United States,Minneapolis,Minnesota,55407,Central,Furniture,2567.84,8,0,770.352
6894,CA-2017-164756,9/18/2017,9/22/2017,Standard Class,Corporate,United States,Columbus,Georgia,31907,South,Furniture,20.32,4,0,6.9088
6899,US-2015-165512,5/24/2015,5/26/2015,Second Class,Consumer,United States,Naperville,Illinois,60540,Central,Furniture,602.651,7,0.3,-163.5767
6909,US-2017-135503,12-10-2017,12/15/2017,Standard Class,Corporate,United States,North Charleston,South Carolina,29406,South,Furniture,14.76,2,0,4.2804
6911,US-2017-115301,7/29/2017,08-02-2017,Standard Class,Consumer,United States,Seattle,Washington,98103,West,Furniture,115.96,2,0,25.5112
6918,CA-2014-124247,12/16/2014,12/21/2014,Standard Class,Corporate,United States,Sacramento,California,95823,West,Furniture,1403.92,5,0.2,70.196
6926,CA-2015-137925,11/30/2015,12-04-2015,Standard Class,Consumer,United States,New York City,New York,10035,East,Furniture,681.408,12,0.2,42.588
6934,CA-2014-164182,7/14/2014,7/18/2014,Standard Class,Consumer,United States,Philadelphia,Pennsylvania,19140,East,Furniture,31.984,2,0.2,1.1994
6937,CA-2016-129847,09-02-2016,09-04-2016,First Class,Home Office,United States,Chicago,Illinois,60653,Central,Furniture,84.272,2,0.6,-75.8448
6946,CA-2016-106243,9/30/2016,10-04-2016,Standard Class,Consumer,United States,New York City,New York,10011,East,Furniture,523.92,5,0.2,-26.196
6949,CA-2015-130365,4/25/2015,4/29/2015,Standard Class,Consumer,United States,Aurora,Illinois,60505,Central,Furniture,128.058,3,0.3,-23.7822
6951,CA-2017-143021,11/19/2017,11/19/2017,Same Day,Home Office,United States,New York City,New York,10011,East,Furniture,79.974,3,0.4,-29.3238
6958,CA-2016-157588,7/14/2016,7/19/2016,Standard Class,Consumer,United States,Columbus,Georgia,31907,South,Furniture,51.75,1,0,15.525
6970,CA-2016-163937,01-10-2016,1/13/2016,Second Class,Consumer,United States,Longview,Washington,98632,West,Furniture,24.85,5,0,7.7035
6977,CA-2015-112144,6/28/2015,07-02-2015,Standard Class,Corporate,United States,Gilbert,Arizona,85234,West,Furniture,621.76,4,0.2,46.632
6993,CA-2015-109386,11-08-2015,11/13/2015,Second Class,Consumer,United States,Hampton,Virginia,23666,South,Furniture,186.54,3,0,41.0388
7002,CA-2015-104871,3/30/2015,04-03-2015,Standard Class,Home Office,United States,Normal,Illinois,61761,Central,Furniture,366.744,4,0.3,-110.0232
7003,CA-2014-133158,8/19/2014,8/21/2014,Second Class,Corporate,United States,Los Angeles,California,90045,West,Furniture,289.24,7,0,26.0316
7006,CA-2015-141740,11-01-2015,11-05-2015,Standard Class,Consumer,United States,New York City,New York,10009,East,Furniture,205.164,2,0.1,13.6776
7007,CA-2014-119466,12/15/2014,12/21/2014,Standard Class,Corporate,United States,Chicago,Illinois,60623,Central,Furniture,8.544,2,0.6,-7.476
7009,CA-2015-154823,8/21/2015,8/25/2015,Standard Class,Corporate,United States,Springfield,Ohio,45503,East,Furniture,598.458,3,0.3,-42.747
7010,CA-2015-154823,8/21/2015,8/25/2015,Standard Class,Corporate,United States,Springfield,Ohio,45503,East,Furniture,25.984,1,0.2,-3.8976
7014,CA-2017-141201,12-09-2017,12-11-2017,Second Class,Home Office,United States,Salinas,California,93905,West,Furniture,148.257,3,0.15,15.6978
7022,CA-2014-124737,8/23/2014,8/27/2014,Standard Class,Consumer,United States,Denver,Colorado,80219,West,Furniture,4.224,3,0.2,1.2672
7033,CA-2016-145548,11-11-2016,11/16/2016,Standard Class,Corporate,United States,New York City,New York,10011,East,Furniture,245.646,3,0.1,8.1882
7036,CA-2017-119494,11-09-2017,11/13/2017,Standard Class,Corporate,United States,San Diego,California,92105,West,Furniture,523.392,3,0.2,52.3392
7042,CA-2017-103443,12/17/2017,12/23/2017,Standard Class,Consumer,United States,New York City,New York,10009,East,Furniture,124.36,2,0,27.3592
7044,US-2017-165358,7/18/2017,7/23/2017,Standard Class,Consumer,United States,Philadelphia,Pennsylvania,19134,East,Furniture,198.744,4,0.3,-14.196
7047,CA-2014-150581,04-08-2014,04-12-2014,Standard Class,Home Office,United States,Concord,California,94521,West,Furniture,99.592,1,0.2,2.4898
7055,CA-2016-165330,12-11-2016,12-11-2016,Same Day,Consumer,United States,Anaheim,California,92804,West,Furniture,363.92,5,0.2,-31.843
7058,CA-2016-165330,12-11-2016,12-11-2016,Same Day,Consumer,United States,Anaheim,California,92804,West,Furniture,892.136,7,0.2,111.517
7081,CA-2016-106950,09-02-2016,09-06-2016,Standard Class,Consumer,United States,Charlotte,North Carolina,28205,South,Furniture,472.518,3,0.4,-149.6307
7105,CA-2017-128944,6/19/2017,6/21/2017,Second Class,Corporate,United States,Newark,Ohio,43055,East,Furniture,760.116,6,0.3,-43.4352
7106,CA-2017-128944,6/19/2017,6/21/2017,Second Class,Corporate,United States,Newark,Ohio,43055,East,Furniture,38.784,3,0.2,7.272
7115,US-2016-102239,05-05-2016,05-06-2016,First Class,Corporate,United States,Henderson,Nevada,89015,West,Furniture,1685.88,6,0,320.3172
7123,CA-2017-166926,12-01-2017,12-08-2017,Standard Class,Consumer,United States,Seattle,Washington,98105,West,Furniture,141.96,2,0,41.1684
7124,CA-2015-128013,08-09-2015,8/16/2015,Standard Class,Corporate,United States,New York City,New York,10035,East,Furniture,10.02,3,0,4.4088
7129,US-2016-117541,11/14/2016,11/20/2016,Standard Class,Consumer,United States,Newark,Delaware,19711,East,Furniture,19.92,4,0,6.5736
7132,CA-2017-141439,11/26/2017,12-01-2017,Standard Class,Home Office,United States,Richmond,Indiana,47374,Central,Furniture,257.94,3,0,67.0644
7134,CA-2017-141439,11/26/2017,12-01-2017,Standard Class,Home Office,United States,Richmond,Indiana,47374,Central,Furniture,27.46,2,0,9.8856
7136,CA-2017-141439,11/26/2017,12-01-2017,Standard Class,Home Office,United States,Richmond,Indiana,47374,Central,Furniture,828.6,3,0,240.294
7140,CA-2015-163965,11/20/2015,11/27/2015,Standard Class,Consumer,United States,Miami,Florida,33180,South,Furniture,290.352,3,0.2,-36.294
7142,CA-2017-128783,09-07-2017,09-07-2017,Same Day,Consumer,United States,Saint Charles,Missouri,63301,Central,Furniture,135.3,5,0,37.884
7143,CA-2014-122217,11/24/2014,11/29/2014,Standard Class,Home Office,United States,Virginia Beach,Virginia,23464,South,Furniture,111.15,5,0,48.906
7146,US-2017-141558,03-11-2017,3/16/2017,Standard Class,Home Office,United States,Philadelphia,Pennsylvania,19140,East,Furniture,154.764,3,0.4,-46.4292
7151,CA-2017-100412,12/22/2017,12/26/2017,Standard Class,Home Office,United States,Tuscaloosa,Alabama,35401,South,Furniture,141.96,2,0,35.49
7152,CA-2017-142909,12/22/2017,12/25/2017,Second Class,Consumer,United States,Mesa,Arizona,85204,West,Furniture,182.55,2,0.5,-135.087
7155,US-2015-136749,12/25/2015,12/27/2015,Second Class,Consumer,United States,Columbus,Georgia,31907,South,Furniture,275.88,6,0,46.8996
7168,CA-2014-117464,7/22/2014,7/24/2014,Second Class,Consumer,United States,San Francisco,California,94122,West,Furniture,717.72,3,0.2,71.772
7170,CA-2014-117464,7/22/2014,7/24/2014,Second Class,Consumer,United States,San Francisco,California,94122,West,Furniture,170.352,3,0.2,19.1646
7171,US-2017-168613,10-08-2017,10/14/2017,Standard Class,Consumer,United States,New York City,New York,10009,East,Furniture,145.764,2,0.1,3.2392
7184,CA-2017-128853,4/21/2017,4/23/2017,First Class,Consumer,United States,Baltimore,Maryland,21215,East,Furniture,908.82,9,0,227.205
7187,CA-2017-133102,8/17/2017,8/24/2017,Standard Class,Home Office,United States,Houston,Texas,77095,Central,Furniture,74.592,4,0.3,-2.1312
7188,CA-2017-133102,8/17/2017,8/24/2017,Standard Class,Home Office,United States,Houston,Texas,77095,Central,Furniture,16.784,2,0.6,-22.2388
7191,CA-2016-164399,11-12-2016,11/15/2016,First Class,Home Office,United States,San Diego,California,92024,West,Furniture,674.352,3,0.2,-8.4294
7196,CA-2016-147683,11/13/2016,11/17/2016,Standard Class,Home Office,United States,Seattle,Washington,98103,West,Furniture,19.54,2,0,7.2298
7202,CA-2016-104276,11/27/2016,12-03-2016,Standard Class,Consumer,United States,Fort Lauderdale,Florida,33311,South,Furniture,331.023,7,0.45,-114.3534
7203,CA-2016-120369,10/28/2016,10/28/2016,Same Day,Corporate,United States,Rochester,New York,14609,East,Furniture,756.8,5,0,75.68
7204,CA-2014-118276,12/29/2014,01-02-2015,Standard Class,Home Office,United States,Saint Charles,Illinois,60174,Central,Furniture,8.736,3,0.6,-4.8048
7206,CA-2017-137414,10-02-2017,10-06-2017,Standard Class,Consumer,United States,San Francisco,California,94109,West,Furniture,17.46,2,0,5.9364
7226,CA-2016-109953,7/14/2016,7/18/2016,Standard Class,Consumer,United States,San Francisco,California,94122,West,Furniture,30.8,4,0,10.164
7234,CA-2016-137337,03-08-2016,03-12-2016,Standard Class,Consumer,United States,New York City,New York,10011,East,Furniture,113.6,8,0,44.304
7239,CA-2016-101651,12/24/2016,12/30/2016,Standard Class,Consumer,United States,San Jose,California,95123,West,Furniture,43.96,7,0,18.4632
7241,CA-2017-136651,4/23/2017,4/25/2017,Second Class,Consumer,United States,Pasadena,California,91104,West,Furniture,66.36,7,0,26.544
7243,CA-2017-136651,4/23/2017,4/25/2017,Second Class,Consumer,United States,Pasadena,California,91104,West,Furniture,24.14,2,0,7.9662
7244,CA-2017-118892,8/17/2017,8/22/2017,Second Class,Consumer,United States,Philadelphia,Pennsylvania,19134,East,Furniture,4416.174,9,0.3,-630.882
7248,US-2014-127978,03-03-2014,03-08-2014,Standard Class,Corporate,United States,Columbus,Ohio,43229,East,Furniture,302.45,5,0.5,-199.617
7255,CA-2016-152730,5/30/2016,06-04-2016,Standard Class,Home Office,United States,Superior,Wisconsin,54880,Central,Furniture,47.4,5,0,21.33
7266,US-2014-143721,11/23/2014,11/26/2014,Second Class,Corporate,United States,Houston,Texas,77095,Central,Furniture,155.372,2,0.3,-35.5136
7270,CA-2016-133368,1/14/2016,1/20/2016,Standard Class,Consumer,United States,Concord,North Carolina,28027,South,Furniture,315.776,8,0.2,31.5776
7271,CA-2016-123337,9/16/2016,9/22/2016,Standard Class,Corporate,United States,San Jose,California,95123,West,Furniture,273.666,2,0.15,-12.8784
7276,CA-2015-144519,11/13/2015,11/17/2015,Standard Class,Home Office,United States,Helena,Montana,59601,West,Furniture,63.98,7,0,21.7532
7285,CA-2017-169439,09-09-2017,9/13/2017,Standard Class,Consumer,United States,Cleveland,Ohio,44105,East,Furniture,66.112,2,0.2,-9.0904
7288,CA-2016-149965,6/20/2016,6/25/2016,Standard Class,Corporate,United States,Oklahoma City,Oklahoma,73120,Central,Furniture,57.69,3,0,23.6529
7294,CA-2016-113656,1/23/2016,1/29/2016,Standard Class,Consumer,United States,Los Angeles,California,90036,West,Furniture,59.99,7,0,21.5964
7295,CA-2015-148964,5/26/2015,5/31/2015,Standard Class,Consumer,United States,Bellevue,Washington,98006,West,Furniture,20.24,1,0,7.8936
7299,CA-2014-163468,11/18/2014,11/21/2014,First Class,Consumer,United States,Des Plaines,Illinois,60016,Central,Furniture,292.1,4,0.5,-175.26
7300,CA-2014-163468,11/18/2014,11/21/2014,First Class,Consumer,United States,Des Plaines,Illinois,60016,Central,Furniture,8.544,2,0.6,-7.476
7301,CA-2014-163468,11/18/2014,11/21/2014,First Class,Consumer,United States,Des Plaines,Illinois,60016,Central,Furniture,424.116,6,0.3,-30.294
7304,US-2017-117450,09-04-2017,09-08-2017,Standard Class,Consumer,United States,Boynton Beach,Florida,33437,South,Furniture,97.184,2,0.2,6.074
7306,CA-2014-137274,3/29/2014,04-02-2014,Standard Class,Consumer,United States,Plano,Texas,75023,Central,Furniture,890.841,3,0.3,-152.7156
7308,CA-2016-144092,11-05-2016,11-07-2016,Second Class,Consumer,United States,San Jose,California,95123,West,Furniture,113.888,2,0.2,9.9652
7317,CA-2016-132066,10/16/2016,10/20/2016,Standard Class,Corporate,United States,New York City,New York,10011,East,Furniture,142.182,1,0.4,-37.9152
7321,CA-2017-100097,11/26/2017,11/29/2017,Second Class,Consumer,United States,New York City,New York,10009,East,Furniture,135.3,5,0,37.884
7324,US-2017-126053,12-05-2017,12-08-2017,First Class,Consumer,United States,New York City,New York,10024,East,Furniture,41.96,2,0,10.9096
7328,US-2014-131275,3/18/2014,3/24/2014,Standard Class,Home Office,United States,Burbank,California,91505,West,Furniture,111,2,0,14.43
7331,CA-2016-149349,11-12-2016,11/13/2016,First Class,Corporate,United States,Chicago,Illinois,60623,Central,Furniture,22.752,6,0.6,-8.532
7334,CA-2015-125563,04-11-2015,4/17/2015,Standard Class,Consumer,United States,Tampa,Florida,33614,South,Furniture,67.36,2,0.2,10.104
7335,CA-2015-125563,04-11-2015,4/17/2015,Standard Class,Consumer,United States,Tampa,Florida,33614,South,Furniture,54.528,3,0.2,14.3136
7337,CA-2015-113152,12/25/2015,12/30/2015,Standard Class,Consumer,United States,New York City,New York,10024,East,Furniture,449.568,2,0.2,56.196
7339,CA-2014-163412,12/20/2014,12/23/2014,Second Class,Corporate,United States,New York City,New York,10035,East,Furniture,192.186,3,0.1,36.3018
7341,CA-2014-116190,7/26/2014,08-01-2014,Standard Class,Consumer,United States,Atlanta,Georgia,30318,South,Furniture,67.88,2,0,18.3276
7343,CA-2014-116190,7/26/2014,08-01-2014,Standard Class,Consumer,United States,Atlanta,Georgia,30318,South,Furniture,25.71,3,0,9.2556
7345,CA-2017-168389,12-11-2017,12/17/2017,Standard Class,Corporate,United States,Jacksonville,Florida,32216,South,Furniture,721.875,6,0.45,-420
7348,CA-2017-168389,12-11-2017,12/17/2017,Standard Class,Corporate,United States,Jacksonville,Florida,32216,South,Furniture,64.784,1,0.2,-12.147
7358,CA-2016-114748,10-09-2016,10/14/2016,Standard Class,Home Office,United States,Phoenix,Arizona,85023,West,Furniture,169.568,2,0.2,0
7360,US-2014-115189,12/30/2014,01-03-2015,Second Class,Corporate,United States,Philadelphia,Pennsylvania,19143,East,Furniture,523.764,3,0.4,-192.0468
7362,CA-2016-163594,04-12-2016,4/14/2016,First Class,Consumer,United States,Los Angeles,California,90036,West,Furniture,194.352,3,0.2,-36.441
7368,CA-2016-127243,11/28/2016,12-04-2016,Standard Class,Corporate,United States,Philadelphia,Pennsylvania,19140,East,Furniture,347.802,7,0.3,-24.843
7388,CA-2016-105732,9/13/2016,9/18/2016,Standard Class,Consumer,United States,Omaha,Nebraska,68104,Central,Furniture,1336.44,14,0,387.5676
7390,CA-2017-108035,11/29/2017,12-03-2017,Standard Class,Consumer,United States,Chattanooga,Tennessee,37421,South,Furniture,390.368,2,0.2,48.796
7391,CA-2017-108035,11/29/2017,12-03-2017,Standard Class,Consumer,United States,Chattanooga,Tennessee,37421,South,Furniture,101.52,5,0.2,19.035
7396,CA-2016-110975,12/25/2016,12/30/2016,Standard Class,Corporate,United States,New York City,New York,10024,East,Furniture,313.176,2,0.4,-120.0508
7397,CA-2016-110975,12/25/2016,12/30/2016,Standard Class,Corporate,United States,New York City,New York,10024,East,Furniture,866.646,3,0.1,173.3292
7401,CA-2016-110009,09-08-2016,9/13/2016,Standard Class,Consumer,United States,Seattle,Washington,98103,West,Furniture,43.13,1,0,14.6642
7404,CA-2015-100146,5/14/2015,5/19/2015,Standard Class,Corporate,United States,Camarillo,California,93010,West,Furniture,509.9575,5,0.15,41.9965
7405,CA-2015-100146,5/14/2015,5/19/2015,Standard Class,Corporate,United States,Camarillo,California,93010,West,Furniture,122.91,3,0,34.4148
7406,CA-2015-100146,5/14/2015,5/19/2015,Standard Class,Corporate,United States,Camarillo,California,93010,West,Furniture,97.568,2,0.2,-6.098
7407,CA-2015-100146,5/14/2015,5/19/2015,Standard Class,Corporate,United States,Camarillo,California,93010,West,Furniture,722.352,3,0.2,81.2646
7409,CA-2016-129728,5/30/2016,06-06-2016,Standard Class,Corporate,United States,Los Angeles,California,90032,West,Furniture,167.84,8,0,11.7488
7410,CA-2014-121769,04-08-2014,04-12-2014,Standard Class,Consumer,United States,Toledo,Ohio,43615,East,Furniture,172.11,1,0.4,-94.6605
7414,CA-2017-121125,5/30/2017,06-03-2017,Standard Class,Home Office,United States,Tigard,Oregon,97224,West,Furniture,13.592,1,0.2,-0.3398
7415,US-2016-114013,3/13/2016,3/15/2016,Second Class,Corporate,United States,Philadelphia,Pennsylvania,19134,East,Furniture,386.68,2,0.3,-5.524
7425,CA-2017-135069,04-10-2017,4/14/2017,Standard Class,Consumer,United States,Philadelphia,Pennsylvania,19143,East,Furniture,36.672,3,0.2,6.4176
7426,CA-2016-101693,6/25/2016,6/27/2016,Second Class,Consumer,United States,Houston,Texas,77070,Central,Furniture,85.246,2,0.3,-6.089
7427,CA-2016-101693,6/25/2016,6/27/2016,Second Class,Consumer,United States,Houston,Texas,77070,Central,Furniture,32.712,2,0.6,-26.1696
7439,CA-2015-145457,3/24/2015,3/27/2015,Second Class,Corporate,United States,Covington,Washington,98042,West,Furniture,46.9,5,0,13.132
7441,US-2017-163657,09-02-2017,09-06-2017,Standard Class,Consumer,United States,Los Angeles,California,90049,West,Furniture,236.528,2,0.2,-2.9566
7447,CA-2017-127474,02-03-2017,02-07-2017,Second Class,Home Office,United States,Chicago,Illinois,60610,Central,Furniture,22.2,1,0.6,-26.085
7449,CA-2017-115448,11-11-2017,11/14/2017,First Class,Consumer,United States,Knoxville,Tennessee,37918,South,Furniture,88.92,5,0.2,14.4495
7451,CA-2017-105669,9/17/2017,9/22/2017,Second Class,Home Office,United States,Houston,Texas,77036,Central,Furniture,318.43,5,0.3,-77.333
7459,CA-2015-137974,4/16/2015,4/18/2015,First Class,Consumer,United States,Waynesboro,Virginia,22980,South,Furniture,1196.86,7,0,119.686
7460,CA-2015-137974,4/16/2015,4/18/2015,First Class,Consumer,United States,Waynesboro,Virginia,22980,South,Furniture,523.26,9,0,125.5824
7468,CA-2017-148985,11-11-2017,11/15/2017,Second Class,Home Office,United States,Los Angeles,California,90045,West,Furniture,34.92,4,0,11.8728
7470,CA-2014-138100,9/15/2014,9/20/2014,Standard Class,Consumer,United States,New York City,New York,10011,East,Furniture,14.56,2,0,6.2608
7475,CA-2014-167199,01-06-2014,01-10-2014,Standard Class,Home Office,United States,Henderson,Kentucky,42420,South,Furniture,2573.82,9,0,746.4078
7484,CA-2014-129938,12/15/2014,12/17/2014,Second Class,Corporate,United States,Philadelphia,Pennsylvania,19140,East,Furniture,445.802,7,0.3,-108.2662
7489,US-2015-134558,12/19/2015,12/24/2015,Second Class,Home Office,United States,Dover,New Hampshire,3820,East,Furniture,1053.164,4,0.3,-105.3164
7491,CA-2015-108672,09-10-2015,9/16/2015,Standard Class,Corporate,United States,Los Angeles,California,90032,West,Furniture,106.68,6,0,33.0708
7494,US-2017-160836,09-11-2017,9/16/2017,Standard Class,Consumer,United States,Houston,Texas,77070,Central,Furniture,512.19,5,0.3,-65.853
7497,CA-2017-121048,7/14/2017,7/18/2017,Standard Class,Consumer,United States,Westminster,California,92683,West,Furniture,276.69,3,0,49.8042
7500,CA-2017-121048,7/14/2017,7/18/2017,Standard Class,Consumer,United States,Westminster,California,92683,West,Furniture,18.84,3,0,7.9128
7512,US-2017-161935,7/14/2017,7/18/2017,Standard Class,Consumer,United States,Columbus,Ohio,43229,East,Furniture,396.92,5,0.2,148.845
7524,CA-2016-162383,09-05-2016,09-11-2016,Standard Class,Consumer,United States,Lancaster,Ohio,43130,East,Furniture,85.246,2,0.3,-1.2178
7526,CA-2014-125731,09-10-2014,9/16/2014,Standard Class,Consumer,United States,Gresham,Oregon,97030,West,Furniture,1487.04,5,0.2,148.704
7528,US-2017-106145,9/26/2017,9/26/2017,Same Day,Corporate,United States,San Francisco,California,94109,West,Furniture,9.24,3,0,2.9568
7532,CA-2016-107146,6/17/2016,6/19/2016,First Class,Consumer,United States,Longmont,Colorado,80501,West,Furniture,266.352,3,0.2,-13.3176
7533,CA-2016-107146,6/17/2016,6/19/2016,First Class,Consumer,United States,Longmont,Colorado,80501,West,Furniture,483.136,4,0.2,54.3528
7534,US-2017-134642,2/25/2017,03-01-2017,Standard Class,Consumer,United States,Greenville,North Carolina,27834,South,Furniture,196.784,2,0.2,-22.1382
7535,US-2017-134642,2/25/2017,03-01-2017,Standard Class,Consumer,United States,Greenville,North Carolina,27834,South,Furniture,231.92,5,0.2,5.798
7537,CA-2017-103415,12-03-2017,12-08-2017,Standard Class,Consumer,United States,Houston,Texas,77041,Central,Furniture,13.592,2,0.6,-14.2716
7541,US-2017-112347,12-02-2017,12-06-2017,Standard Class,Corporate,United States,Denver,Colorado,80219,West,Furniture,242.352,8,0.7,-363.528
7543,US-2017-112347,12-02-2017,12-06-2017,Standard Class,Corporate,United States,Denver,Colorado,80219,West,Furniture,508.704,6,0.2,0
7545,US-2017-112347,12-02-2017,12-06-2017,Standard Class,Corporate,United States,Denver,Colorado,80219,West,Furniture,906.68,5,0.2,68.001
7550,CA-2016-136595,09-05-2016,09-07-2016,First Class,Corporate,United States,Houston,Texas,77036,Central,Furniture,21.204,3,0.6,-11.6622
7555,CA-2014-114181,05-10-2014,5/14/2014,Second Class,Consumer,United States,Philadelphia,Pennsylvania,19134,East,Furniture,349.965,7,0.5,-216.9783
7561,US-2014-137155,11-01-2014,11-05-2014,Standard Class,Consumer,United States,Long Beach,New York,11561,East,Furniture,31.68,6,0,9.8208
7562,CA-2016-105746,12/30/2016,01-01-2017,First Class,Consumer,United States,Lancaster,Pennsylvania,17602,East,Furniture,170.786,1,0.3,0
7563,US-2016-104815,09-03-2016,09-07-2016,Standard Class,Consumer,United States,Chicago,Illinois,60610,Central,Furniture,198.744,4,0.3,0
7565,US-2016-166660,1/30/2016,02-01-2016,Second Class,Consumer,United States,Seattle,Washington,98103,West,Furniture,435.168,4,0.2,-59.8356
7566,US-2016-166660,1/30/2016,02-01-2016,Second Class,Consumer,United States,Seattle,Washington,98103,West,Furniture,48.58,1,0,7.7728
7573,CA-2014-100916,10/21/2014,10/26/2014,Standard Class,Corporate,United States,Newport News,Virginia,23602,South,Furniture,591.32,4,0,112.3508
7579,CA-2016-138597,12/18/2016,12/21/2016,First Class,Home Office,United States,Omaha,Nebraska,68104,Central,Furniture,563.94,3,0,112.788
7583,CA-2015-142734,4/16/2015,4/21/2015,Standard Class,Corporate,United States,New York City,New York,10024,East,Furniture,127.764,2,0.1,2.8392
7589,CA-2017-122945,11/16/2017,11/22/2017,Standard Class,Consumer,United States,Roseville,California,95661,West,Furniture,17.31,3,0,5.193
7591,CA-2016-158778,09-05-2016,09-09-2016,Standard Class,Consumer,United States,Philadelphia,Pennsylvania,19134,East,Furniture,58.248,9,0.2,11.6496
7592,CA-2016-158778,09-05-2016,09-09-2016,Standard Class,Consumer,United States,Philadelphia,Pennsylvania,19134,East,Furniture,71.246,2,0.3,-19.3382
7594,CA-2016-158778,09-05-2016,09-09-2016,Standard Class,Consumer,United States,Philadelphia,Pennsylvania,19134,East,Furniture,887.271,3,0.3,-63.3765
7605,CA-2016-101791,5/27/2016,5/31/2016,Standard Class,Consumer,United States,Chicago,Illinois,60623,Central,Furniture,25.176,3,0.6,-33.3582
7606,CA-2016-101791,5/27/2016,5/31/2016,Standard Class,Consumer,United States,Chicago,Illinois,60623,Central,Furniture,5.584,2,0.6,-1.6752
7615,CA-2015-113740,8/24/2015,8/28/2015,Second Class,Consumer,United States,New York City,New York,10035,East,Furniture,14.91,3,0,4.6221
7619,CA-2017-151225,10/27/2017,10/29/2017,First Class,Corporate,United States,Los Angeles,California,90032,West,Furniture,189.576,1,0.2,9.4788
7622,US-2014-144078,11/25/2014,11/29/2014,Standard Class,Consumer,United States,Los Angeles,California,90004,West,Furniture,725.344,4,0.2,54.4008
7626,CA-2015-136805,5/23/2015,5/27/2015,Second Class,Home Office,United States,Detroit,Michigan,48234,Central,Furniture,75.33,9,0,19.5858
7632,CA-2014-162089,3/30/2014,04-01-2014,First Class,Home Office,United States,Brownsville,Texas,78521,Central,Furniture,127.302,7,0.3,-9.093
7633,US-2017-158526,12/29/2017,01-01-2018,Second Class,Consumer,United States,Louisville,Kentucky,40214,South,Furniture,1207.84,8,0,314.0384
7636,US-2017-158526,12/29/2017,01-01-2018,Second Class,Consumer,United States,Louisville,Kentucky,40214,South,Furniture,300.98,1,0,87.2842
7637,US-2017-158526,12/29/2017,01-01-2018,Second Class,Consumer,United States,Louisville,Kentucky,40214,South,Furniture,258.75,3,0,77.625
7640,CA-2017-104885,03-02-2017,03-08-2017,Standard Class,Corporate,United States,Newark,Delaware,19711,East,Furniture,441.96,2,0,101.6508
7646,CA-2015-161452,04-05-2015,04-11-2015,Standard Class,Corporate,United States,Los Angeles,California,90036,West,Furniture,892.224,3,0.2,89.2224
7649,CA-2016-138968,3/15/2016,3/16/2016,First Class,Corporate,United States,San Francisco,California,94110,West,Furniture,1352.032,4,0.2,84.502
7650,CA-2015-101889,12/27/2015,12/31/2015,Standard Class,Corporate,United States,Marion,Ohio,43302,East,Furniture,1548.99,9,0.4,-464.697
7655,CA-2015-107685,11/30/2015,12-02-2015,Second Class,Consumer,United States,Las Vegas,Nevada,89115,West,Furniture,80.96,4,0,29.1456
7658,US-2014-120740,4/15/2014,4/15/2014,Same Day,Home Office,United States,Los Angeles,California,90049,West,Furniture,187.76,4,0,76.9816
7661,CA-2014-105417,01-07-2014,01-12-2014,Standard Class,Consumer,United States,Huntsville,Texas,77340,Central,Furniture,76.728,3,0.6,-53.7096
7665,CA-2014-151967,10/22/2014,10/26/2014,Standard Class,Corporate,United States,Bossier City,Louisiana,71111,South,Furniture,129.92,4,0,10.3936
7672,CA-2015-130974,11/27/2015,11/29/2015,Second Class,Home Office,United States,Everett,Massachusetts,2149,East,Furniture,170.98,1,0,32.4862
7673,CA-2015-130974,11/27/2015,11/29/2015,Second Class,Home Office,United States,Everett,Massachusetts,2149,East,Furniture,38.97,3,0,4.6764
7675,CA-2015-130974,11/27/2015,11/29/2015,Second Class,Home Office,United States,Everett,Massachusetts,2149,East,Furniture,446.068,4,0.3,0
7681,CA-2014-133592,12/31/2014,01-07-2015,Standard Class,Home Office,United States,Providence,Rhode Island,2908,East,Furniture,341.96,2,0,78.6508
7682,CA-2014-133592,12/31/2014,01-07-2015,Standard Class,Home Office,United States,Providence,Rhode Island,2908,East,Furniture,605.88,6,0,151.47
7687,CA-2016-169838,11/25/2016,11/29/2016,Standard Class,Corporate,United States,Jackson,Michigan,49201,Central,Furniture,1568.61,9,0,329.4081
7691,US-2017-128951,7/15/2017,7/17/2017,First Class,Corporate,United States,Suffolk,Virginia,23434,South,Furniture,872.94,3,0,157.1292
7695,CA-2016-118899,3/22/2016,3/22/2016,Same Day,Consumer,United States,Seattle,Washington,98103,West,Furniture,167.888,7,0.2,14.6902
7702,CA-2017-151799,12/14/2017,12/18/2017,Standard Class,Home Office,United States,Lawrence,Massachusetts,1841,East,Furniture,526.582,2,0.3,-52.6582
7705,CA-2016-114601,8/26/2016,09-02-2016,Standard Class,Consumer,United States,Detroit,Michigan,48234,Central,Furniture,447.84,4,0,98.5248
7712,CA-2017-139353,10/28/2017,10/30/2017,Second Class,Consumer,United States,Fayetteville,North Carolina,28314,South,Furniture,77.952,3,0.2,15.5904
7724,CA-2015-139374,09-10-2015,9/14/2015,Standard Class,Corporate,United States,Austin,Texas,78745,Central,Furniture,179.886,1,0.3,-2.5698
7731,CA-2017-104850,6/13/2017,6/19/2017,Standard Class,Home Office,United States,Seattle,Washington,98103,West,Furniture,291.136,4,0.2,-25.4744
7749,CA-2015-133242,6/18/2015,6/24/2015,Standard Class,Consumer,United States,Arlington,Virginia,22204,South,Furniture,60.84,3,0,19.4688
7754,CA-2015-158323,11/30/2015,12-03-2015,First Class,Corporate,United States,Jacksonville,North Carolina,28540,South,Furniture,17.088,2,0.2,1.068
7759,CA-2017-112844,11/13/2017,11/16/2017,Second Class,Corporate,United States,Buffalo,New York,14215,East,Furniture,154.95,3,0,30.99
7766,US-2017-118941,08-12-2017,08-12-2017,Same Day,Corporate,United States,Columbia,Maryland,21044,East,Furniture,1779.9,5,0,373.779
7784,CA-2016-162236,11-04-2016,11-06-2016,Second Class,Corporate,United States,Charlotte,North Carolina,28205,South,Furniture,876.3,10,0.4,-292.1
7789,US-2016-117037,5/17/2016,5/20/2016,First Class,Consumer,United States,Chicago,Illinois,60653,Central,Furniture,22.608,3,0.6,-10.1736
7800,CA-2017-166184,3/24/2017,3/27/2017,First Class,Corporate,United States,New York City,New York,10035,East,Furniture,207.846,3,0.1,2.3094
7802,CA-2014-143637,3/24/2014,3/29/2014,Second Class,Consumer,United States,Fresno,California,93727,West,Furniture,40.48,2,0,14.5728
7813,CA-2016-134334,2/14/2016,2/15/2016,First Class,Consumer,United States,Clinton,Maryland,20735,East,Furniture,550.431,3,0.3,-47.1798
7814,CA-2016-134334,2/14/2016,2/15/2016,First Class,Consumer,United States,Clinton,Maryland,20735,East,Furniture,10.56,6,0,4.6464
7815,US-2017-109316,06-08-2017,06-10-2017,First Class,Home Office,United States,Los Angeles,California,90049,West,Furniture,1497.666,2,0.15,140.9568
7825,CA-2014-125150,5/16/2014,5/23/2014,Standard Class,Corporate,United States,Los Angeles,California,90036,West,Furniture,232.88,5,0.2,17.466
7826,CA-2015-127327,02-03-2015,02-07-2015,Standard Class,Corporate,United States,Rome,New York,13440,East,Furniture,90.882,1,0.1,15.147
7829,CA-2015-137302,4/26/2015,05-01-2015,Standard Class,Corporate,United States,San Diego,California,92105,West,Furniture,63.936,3,0.2,6.3936
7835,CA-2015-106257,4/13/2015,4/17/2015,Second Class,Consumer,United States,Los Angeles,California,90045,West,Furniture,241.568,2,0.2,-15.098
7837,CA-2015-149083,9/25/2015,9/30/2015,Standard Class,Corporate,United States,Seattle,Washington,98103,West,Furniture,307.136,4,0.2,-11.5176
7841,US-2014-137869,3/28/2014,04-02-2014,Standard Class,Consumer,United States,Des Moines,Iowa,50315,Central,Furniture,1184.72,4,0,106.6248
7845,US-2017-123834,7/21/2017,7/25/2017,Standard Class,Consumer,United States,Pharr,Texas,78577,Central,Furniture,124.404,4,0.3,-21.3264
7848,CA-2016-128706,2/27/2016,03-02-2016,Standard Class,Consumer,United States,Houston,Texas,77070,Central,Furniture,16.192,2,0.6,-6.8816
7866,CA-2015-143364,7/14/2015,7/19/2015,Second Class,Consumer,United States,Mesa,Arizona,85204,West,Furniture,441.92,2,0.2,49.716
7867,CA-2015-143364,7/14/2015,7/19/2015,Second Class,Consumer,United States,Mesa,Arizona,85204,West,Furniture,127.764,6,0.7,-191.646
7873,CA-2016-101672,10-03-2016,10-07-2016,Standard Class,Home Office,United States,Lake Forest,California,92630,West,Furniture,915.136,4,0.2,102.9528
7879,CA-2016-160241,11/29/2016,12-04-2016,Second Class,Home Office,United States,Aurora,Illinois,60505,Central,Furniture,242.176,4,0.6,-302.72
7880,CA-2016-155747,6/14/2016,6/21/2016,Standard Class,Corporate,United States,Philadelphia,Pennsylvania,19140,East,Furniture,337.176,2,0.4,-118.0116
7886,CA-2017-118017,12-03-2017,12-06-2017,Second Class,Consumer,United States,Thornton,Colorado,80229,West,Furniture,23.376,3,0.2,7.0128
7887,CA-2017-118017,12-03-2017,12-06-2017,Second Class,Consumer,United States,Thornton,Colorado,80229,West,Furniture,16.72,5,0.2,3.344
7888,CA-2017-118017,12-03-2017,12-06-2017,Second Class,Consumer,United States,Thornton,Colorado,80229,West,Furniture,16.192,1,0.2,4.6552
7892,CA-2016-148684,12/25/2016,12/29/2016,Standard Class,Consumer,United States,Fayetteville,Arkansas,72701,South,Furniture,343.85,5,0,137.54
7902,CA-2017-128363,8/13/2017,8/18/2017,Standard Class,Consumer,United States,Memphis,Tennessee,38109,South,Furniture,31.984,1,0.2,0
7904,CA-2017-128363,8/13/2017,8/18/2017,Standard Class,Consumer,United States,Memphis,Tennessee,38109,South,Furniture,423.648,2,0.2,47.6604
7909,CA-2016-149762,12-03-2016,12-07-2016,Standard Class,Consumer,United States,Morgan Hill,California,95037,West,Furniture,268.704,3,0.2,6.7176
7912,CA-2016-149762,12-03-2016,12-07-2016,Standard Class,Consumer,United States,Morgan Hill,California,95037,West,Furniture,205.666,2,0.15,-12.098
7913,CA-2016-167605,4/28/2016,4/30/2016,Second Class,Consumer,United States,Saint Charles,Illinois,60174,Central,Furniture,30.344,2,0.6,-31.8612
7917,CA-2015-110891,11/20/2015,11/24/2015,Standard Class,Home Office,United States,Philadelphia,Pennsylvania,19140,East,Furniture,344.372,4,0.3,-93.4724
7929,CA-2017-120404,11/20/2017,11/24/2017,Second Class,Corporate,United States,New York City,New York,10035,East,Furniture,50.97,3,0,9.1746
7930,CA-2017-167549,7/25/2017,7/27/2017,First Class,Home Office,United States,Dallas,Texas,75217,Central,Furniture,298.116,6,0.3,-4.2588
7932,US-2016-168095,7/15/2016,7/20/2016,Standard Class,Corporate,United States,Portland,Oregon,97206,West,Furniture,230.28,3,0.2,23.028
7941,CA-2016-146325,12/14/2016,12/17/2016,First Class,Corporate,United States,San Diego,California,92037,West,Furniture,81.424,2,0.2,-9.1602
7949,CA-2014-131009,03-01-2014,03-05-2014,Standard Class,Consumer,United States,El Paso,Texas,79907,Central,Furniture,362.25,6,0.3,0
7950,CA-2014-131009,03-01-2014,03-05-2014,Standard Class,Consumer,United States,El Paso,Texas,79907,Central,Furniture,63.552,6,0.6,-34.9536
7956,CA-2017-131807,10-05-2017,10-10-2017,Standard Class,Corporate,United States,Chico,California,95928,West,Furniture,435.168,4,0.2,-59.8356
7959,CA-2017-131807,10-05-2017,10-10-2017,Standard Class,Corporate,United States,Chico,California,95928,West,Furniture,72.9,5,0,26.973
7960,CA-2017-131807,10-05-2017,10-10-2017,Standard Class,Corporate,United States,Chico,California,95928,West,Furniture,206.352,3,0.2,5.1588
7968,CA-2016-157707,10-10-2016,10-12-2016,First Class,Corporate,United States,Denver,Colorado,80219,West,Furniture,90.882,3,0.7,-190.8522
7970,CA-2016-157707,10-10-2016,10-12-2016,First Class,Corporate,United States,Denver,Colorado,80219,West,Furniture,120.784,1,0.2,13.5882
7975,US-2015-126753,8/16/2015,8/20/2015,Standard Class,Corporate,United States,Philadelphia,Pennsylvania,19134,East,Furniture,254.352,3,0.2,0
7983,CA-2014-113383,09-10-2014,9/13/2014,First Class,Consumer,United States,Clifton,New Jersey,7011,East,Furniture,254.9,5,0,76.47
7995,US-2015-165743,11/20/2015,11/23/2015,Second Class,Consumer,United States,Aurora,Colorado,80013,West,Furniture,145.764,6,0.7,-247.7988
7998,US-2017-105998,11-03-2017,11-05-2017,First Class,Home Office,United States,San Diego,California,92037,West,Furniture,1673.184,12,0.2,20.9148
7999,US-2014-148194,05-04-2014,05-07-2014,First Class,Corporate,United States,Seattle,Washington,98105,West,Furniture,12.18,7,0,3.8976
8005,CA-2014-143210,12-01-2014,12-03-2014,First Class,Consumer,United States,Lowell,Massachusetts,1852,East,Furniture,45.84,3,0,15.5856
8006,CA-2014-143210,12-01-2014,12-03-2014,First Class,Consumer,United States,Lowell,Massachusetts,1852,East,Furniture,9.82,2,0,3.2406
8010,CA-2015-110863,11/17/2015,11/24/2015,Standard Class,Consumer,United States,Oklahoma City,Oklahoma,73120,Central,Furniture,1323.9,5,0,383.931
8016,CA-2017-120168,5/25/2017,5/25/2017,Same Day,Consumer,United States,New York City,New York,10009,East,Furniture,18.84,3,0,6.0288
8017,US-2014-131870,09-09-2014,09-11-2014,First Class,Home Office,United States,Lancaster,Ohio,43130,East,Furniture,60.672,6,0.2,12.8928
8024,CA-2014-129189,7/21/2014,7/25/2014,Standard Class,Corporate,United States,Dallas,Texas,75217,Central,Furniture,657.93,5,0.3,-93.99
8026,CA-2015-132465,09-11-2015,9/15/2015,Second Class,Corporate,United States,New York City,New York,10035,East,Furniture,210.68,2,0,50.5632
8031,CA-2016-158806,01-07-2016,01-11-2016,Standard Class,Consumer,United States,Amarillo,Texas,79109,Central,Furniture,23.076,3,0.6,-10.9611
8035,CA-2015-119690,6/25/2015,6/28/2015,First Class,Consumer,United States,Houston,Texas,77041,Central,Furniture,75.384,9,0.6,-20.7306
8039,CA-2017-109393,6/30/2017,07-02-2017,Second Class,Consumer,United States,Los Angeles,California,90032,West,Furniture,435.999,3,0.15,5.1294
8040,CA-2017-121489,8/21/2017,8/25/2017,Second Class,Corporate,United States,Seattle,Washington,98115,West,Furniture,388.704,6,0.2,38.8704
8044,US-2017-133081,03-11-2017,3/15/2017,Standard Class,Home Office,United States,Cambridge,Massachusetts,2138,East,Furniture,26.72,1,0,11.7568
8051,CA-2014-144974,9/26/2014,9/30/2014,Standard Class,Corporate,United States,Philadelphia,Pennsylvania,19140,East,Furniture,21.184,1,0.2,4.7664
8056,CA-2015-121188,8/28/2015,09-04-2015,Standard Class,Consumer,United States,Los Angeles,California,90049,West,Furniture,307.666,2,0.15,28.9568
8060,CA-2015-121188,8/28/2015,09-04-2015,Standard Class,Consumer,United States,Los Angeles,California,90049,West,Furniture,4.16,2,0,1.7472
8069,US-2015-160563,10/20/2015,10/24/2015,Standard Class,Corporate,United States,San Francisco,California,94109,West,Furniture,16.02,6,0,6.0876
8071,CA-2017-151750,01-01-2017,01-05-2017,Standard Class,Consumer,United States,Huntsville,Texas,77340,Central,Furniture,141.42,5,0.6,-187.3815
8072,CA-2017-151750,01-01-2017,01-05-2017,Standard Class,Consumer,United States,Huntsville,Texas,77340,Central,Furniture,310.744,4,0.3,-26.6352
8077,CA-2015-106187,6/23/2015,6/29/2015,Standard Class,Corporate,United States,East Point,Georgia,30344,South,Furniture,27.42,3,0,9.3228
8086,CA-2016-105753,10/20/2016,10/26/2016,Standard Class,Home Office,United States,Arlington,Virginia,22204,South,Furniture,61.1,5,0,18.33
8094,CA-2017-133046,7/27/2017,08-01-2017,Second Class,Consumer,United States,Seattle,Washington,98115,West,Furniture,23.88,3,0,10.5072
8106,CA-2017-159149,2/17/2017,2/19/2017,First Class,Home Office,United States,Houston,Texas,77041,Central,Furniture,89.0664,1,0.32,-17.0274
8109,US-2017-167570,12-08-2017,12/15/2017,Standard Class,Consumer,United States,Philadelphia,Pennsylvania,19140,East,Furniture,215.544,4,0.3,-58.5048
8111,CA-2017-160122,11/18/2017,11/23/2017,Standard Class,Consumer,United States,Chicago,Illinois,60623,Central,Furniture,127.386,2,0.3,-25.4772
8112,CA-2016-130393,12-01-2016,12-03-2016,Second Class,Consumer,United States,San Angelo,Texas,76903,Central,Furniture,248.43,5,0.3,-17.745
8114,CA-2016-130393,12-01-2016,12-03-2016,Second Class,Consumer,United States,San Angelo,Texas,76903,Central,Furniture,85.246,2,0.3,-1.2178
8116,CA-2017-101014,8/29/2017,09-04-2017,Standard Class,Corporate,United States,Los Angeles,California,90049,West,Furniture,148.02,3,0,41.4456
8119,US-2017-106551,7/22/2017,7/27/2017,Standard Class,Consumer,United States,Chicago,Illinois,60653,Central,Furniture,526.344,4,0.3,-75.192
8120,CA-2016-116722,11-11-2016,11/16/2016,Standard Class,Consumer,United States,San Francisco,California,94110,West,Furniture,41.96,2,0,10.9096
8121,CA-2016-116722,11-11-2016,11/16/2016,Standard Class,Consumer,United States,San Francisco,California,94110,West,Furniture,451.152,3,0.2,0
8125,US-2017-150070,09-07-2017,09-12-2017,Standard Class,Consumer,United States,Modesto,California,95351,West,Furniture,161.568,2,0.2,-28.2744
8129,CA-2017-157350,8/26/2017,09-01-2017,Standard Class,Consumer,United States,Chicago,Illinois,60610,Central,Furniture,64.96,5,0.6,-43.848
8134,CA-2015-131352,10-08-2015,10/13/2015,Standard Class,Corporate,United States,Dallas,Texas,75081,Central,Furniture,72.78,3,0.6,-70.9605
8137,CA-2016-118073,08-12-2016,8/16/2016,Standard Class,Corporate,United States,Lakeland,Florida,33801,South,Furniture,562.2925,7,0.45,-255.5875
8138,CA-2014-103219,11-09-2014,11/13/2014,Standard Class,Home Office,United States,New York City,New York,10035,East,Furniture,56.52,9,0,21.4776
8144,CA-2016-100993,02-05-2016,02-10-2016,Standard Class,Consumer,United States,San Diego,California,92037,West,Furniture,557.728,4,0.2,6.9716
8151,CA-2014-167997,1/26/2014,1/29/2014,First Class,Corporate,United States,Rapid City,South Dakota,57701,Central,Furniture,141.96,2,0,39.7488
8157,CA-2016-131296,10-04-2016,10-09-2016,Standard Class,Consumer,United States,Baltimore,Maryland,21215,East,Furniture,239.372,2,0.3,-23.9372
8161,CA-2016-134138,2/16/2016,2/20/2016,Standard Class,Consumer,United States,Belleville,New Jersey,7109,East,Furniture,227.96,2,0,36.4736
8164,CA-2015-168207,11-02-2015,11-06-2015,Standard Class,Consumer,United States,San Diego,California,92105,West,Furniture,96.96,6,0,33.936
8167,CA-2015-168207,11-02-2015,11-06-2015,Standard Class,Consumer,United States,San Diego,California,92105,West,Furniture,512.499,3,0.15,-30.147
8168,CA-2016-144148,7/31/2016,08-05-2016,Standard Class,Corporate,United States,San Francisco,California,94122,West,Furniture,863.128,7,0.2,-32.3673
8169,CA-2017-107174,11-06-2017,11/13/2017,Standard Class,Home Office,United States,Seattle,Washington,98105,West,Furniture,2036.86,7,0,366.6348
8170,CA-2017-107174,11-06-2017,11/13/2017,Standard Class,Home Office,United States,Seattle,Washington,98105,West,Furniture,449.568,2,0.2,-73.0548
8180,CA-2015-112767,08-02-2015,08-06-2015,Standard Class,Consumer,United States,Springfield,Oregon,97477,West,Furniture,277.5,4,0.5,-188.7
8181,CA-2015-119879,11/21/2015,11/25/2015,Standard Class,Consumer,United States,Philadelphia,Pennsylvania,19120,East,Furniture,1252.704,8,0.4,-480.2032
8183,CA-2017-155642,5/18/2017,5/22/2017,Standard Class,Corporate,United States,Chicago,Illinois,60653,Central,Furniture,22.608,3,0.6,-10.1736
8184,CA-2017-155642,5/18/2017,5/22/2017,Standard Class,Corporate,United States,Chicago,Illinois,60653,Central,Furniture,1.892,1,0.6,-0.9933
8187,CA-2015-136728,9/13/2015,9/17/2015,Second Class,Consumer,United States,Chicago,Illinois,60623,Central,Furniture,170.072,4,0.3,-12.148
8192,US-2017-155866,11/17/2017,11/21/2017,Standard Class,Consumer,United States,New York City,New York,10011,East,Furniture,187.76,4,0,76.9816
8195,CA-2015-141327,11/30/2015,12-03-2015,First Class,Consumer,United States,Durham,North Carolina,27707,South,Furniture,335.744,2,0.2,25.1808
8204,CA-2015-114811,11-08-2015,11-08-2015,Same Day,Corporate,United States,New York City,New York,10024,East,Furniture,11.82,3,0,4.728
8206,CA-2015-114811,11-08-2015,11-08-2015,Same Day,Corporate,United States,New York City,New York,10024,East,Furniture,577.764,2,0.1,115.5528
8207,CA-2015-122266,4/26/2015,4/30/2015,Standard Class,Consumer,United States,Daytona Beach,Florida,32114,South,Furniture,191.5155,1,0.45,-76.6062
8212,CA-2016-116337,11-07-2016,11-12-2016,Standard Class,Consumer,United States,Dallas,Texas,75220,Central,Furniture,44.46,5,0.6,-17.784
8219,CA-2014-120775,10-03-2014,10-07-2014,Standard Class,Consumer,United States,Dallas,Texas,75217,Central,Furniture,31.776,3,0.6,-19.0656
8228,CA-2016-123050,04-04-2016,04-08-2016,Second Class,Home Office,United States,Troy,New York,12180,East,Furniture,82.64,2,0,7.4376
8232,CA-2016-162355,6/30/2016,07-02-2016,Second Class,Consumer,United States,Sandy Springs,Georgia,30328,South,Furniture,1266.86,7,0,291.3778
8236,CA-2017-102204,05-01-2017,05-06-2017,Standard Class,Consumer,United States,Jacksonville,Florida,32216,South,Furniture,933.262,4,0.45,-458.1468
8237,CA-2017-102204,05-01-2017,05-06-2017,Standard Class,Consumer,United States,Jacksonville,Florida,32216,South,Furniture,2803.92,5,0.2,0
8241,CA-2017-103065,10/20/2017,10/20/2017,Same Day,Consumer,United States,Jacksonville,Florida,32216,South,Furniture,43.936,4,0.2,6.0412
8245,CA-2014-109897,08-12-2014,8/16/2014,Standard Class,Consumer,United States,San Francisco,California,94122,West,Furniture,85.44,3,0,31.6128
8251,CA-2015-140221,03-05-2015,03-09-2015,Second Class,Consumer,United States,Chicago,Illinois,60653,Central,Furniture,4.712,2,0.6,-1.8848
8268,CA-2017-121790,1/30/2017,02-06-2017,Standard Class,Consumer,United States,Aurora,Illinois,60505,Central,Furniture,69.375,1,0.5,-47.175
8272,CA-2016-169670,12/25/2016,12/31/2016,Standard Class,Consumer,United States,New York City,New York,10009,East,Furniture,2563.056,8,0.1,313.2624
8273,CA-2016-139549,10/20/2016,10/25/2016,Standard Class,Corporate,United States,El Cajon,California,92020,West,Furniture,387.136,4,0.2,4.8392
8282,CA-2017-134810,05-09-2017,05-10-2017,First Class,Corporate,United States,Jacksonville,North Carolina,28540,South,Furniture,207,3,0.2,25.875
8286,CA-2015-154284,12/21/2015,12/26/2015,Second Class,Home Office,United States,Saint Charles,Illinois,60174,Central,Furniture,51.756,3,0.6,-33.6414
8298,US-2015-158911,07-05-2015,07-11-2015,Standard Class,Corporate,United States,Charlotte,North Carolina,28205,South,Furniture,4.928,2,0.2,0.7392
8303,US-2017-167318,7/26/2017,08-01-2017,Standard Class,Corporate,United States,Los Angeles,California,90036,West,Furniture,362.352,3,0.2,45.294
8305,CA-2017-135419,11-03-2017,11-09-2017,Standard Class,Consumer,United States,Bakersfield,California,93309,West,Furniture,486.368,4,0.2,36.4776
8311,CA-2014-168312,03-01-2014,03-07-2014,Standard Class,Consumer,United States,Houston,Texas,77036,Central,Furniture,376.509,3,0.3,-43.0296
8312,US-2017-105935,1/26/2017,1/31/2017,Standard Class,Consumer,United States,Columbus,Georgia,31907,South,Furniture,62.72,4,0,24.4608
8314,CA-2014-161508,07-12-2014,7/16/2014,Standard Class,Home Office,United States,League City,Texas,77573,Central,Furniture,512.358,3,0.3,-14.6388
8333,CA-2016-153269,03-09-2016,03-12-2016,First Class,Consumer,United States,Andover,Massachusetts,1810,East,Furniture,354.9,5,0,88.725
8340,CA-2017-135076,4/13/2017,4/17/2017,Standard Class,Corporate,United States,Hesperia,California,92345,West,Furniture,436.704,6,0.2,-38.2116
8345,US-2014-155544,3/21/2014,3/25/2014,Standard Class,Consumer,United States,Knoxville,Tennessee,37918,South,Furniture,32.952,3,0.2,6.5904
8346,US-2014-155544,3/21/2014,3/25/2014,Standard Class,Consumer,United States,Knoxville,Tennessee,37918,South,Furniture,218.376,3,0.2,-10.9188
8347,US-2015-115238,4/30/2015,05-04-2015,Standard Class,Corporate,United States,Lawrence,Massachusetts,1841,East,Furniture,31.4,5,0,13.188
8348,US-2015-115238,4/30/2015,05-04-2015,Standard Class,Corporate,United States,Lawrence,Massachusetts,1841,East,Furniture,9.48,1,0,3.792
8350,US-2015-115238,4/30/2015,05-04-2015,Standard Class,Corporate,United States,Lawrence,Massachusetts,1841,East,Furniture,24.3,5,0,10.449
8352,CA-2017-132199,05-03-2017,05-08-2017,Standard Class,Corporate,United States,Philadelphia,Pennsylvania,19134,East,Furniture,32.448,2,0.2,7.3008
8354,CA-2017-132199,05-03-2017,05-08-2017,Standard Class,Corporate,United States,Philadelphia,Pennsylvania,19134,East,Furniture,373.47,5,0.4,-112.041
8357,CA-2016-163174,8/26/2016,8/30/2016,Standard Class,Consumer,United States,Athens,Georgia,30605,South,Furniture,186.54,3,0,41.0388
8363,CA-2017-147207,01-02-2017,01-04-2017,Second Class,Consumer,United States,El Paso,Texas,79907,Central,Furniture,913.43,5,0.3,-169.637
8370,CA-2016-118745,06-11-2016,6/16/2016,Standard Class,Consumer,United States,Los Angeles,California,90049,West,Furniture,902.712,3,0.2,33.8517
8371,CA-2016-163972,10/17/2016,10/21/2016,Standard Class,Home Office,United States,Fresno,California,93727,West,Furniture,120.666,2,0.15,21.294
8373,CA-2016-113726,11/24/2016,12-01-2016,Standard Class,Home Office,United States,Seattle,Washington,98105,West,Furniture,82.26,3,0,33.7266
8383,CA-2016-163048,02-08-2016,2/15/2016,Standard Class,Corporate,United States,Houston,Texas,77036,Central,Furniture,241.5,4,0.3,0
8392,CA-2017-110625,12/23/2017,12/30/2017,Standard Class,Home Office,United States,Danbury,Connecticut,6810,East,Furniture,27.46,2,0,9.8856
8394,CA-2016-142594,12-01-2016,12-06-2016,Second Class,Consumer,United States,Franklin,Massachusetts,2038,East,Furniture,111.15,5,0,48.906
8396,CA-2016-142594,12-01-2016,12-06-2016,Second Class,Consumer,United States,Franklin,Massachusetts,2038,East,Furniture,366.009,3,0.3,-47.0583
8399,CA-2017-120061,11-02-2017,11-07-2017,Second Class,Home Office,United States,Springfield,Ohio,45503,East,Furniture,155.372,2,0.3,-35.5136
8402,CA-2015-110814,12-05-2015,12-09-2015,Second Class,Consumer,United States,New York City,New York,10009,East,Furniture,164.646,3,0.1,12.8058
8405,CA-2017-140480,07-08-2017,07-12-2017,Standard Class,Corporate,United States,Newark,Delaware,19711,East,Furniture,83.92,4,0,5.8744
8407,CA-2017-140480,07-08-2017,07-12-2017,Standard Class,Corporate,United States,Newark,Delaware,19711,East,Furniture,39.98,2,0,9.1954
8411,CA-2016-130820,11/15/2016,11/15/2016,Same Day,Corporate,United States,Burlington,North Carolina,27217,South,Furniture,630.024,4,0.4,-199.5076
8413,CA-2017-132290,03-10-2017,3/14/2017,Standard Class,Consumer,United States,Dallas,Texas,75217,Central,Furniture,933.408,4,0.3,-173.3472
8419,CA-2017-118199,05-09-2017,05-11-2017,First Class,Home Office,United States,Seattle,Washington,98105,West,Furniture,286.85,1,0,63.107
8424,CA-2017-150091,10-12-2017,10/16/2017,Standard Class,Consumer,United States,Lakewood,New Jersey,8701,East,Furniture,40.48,2,0,17.4064
8425,CA-2017-150091,10-12-2017,10/16/2017,Standard Class,Consumer,United States,Lakewood,New Jersey,8701,East,Furniture,2154.9,5,0,129.294
8430,CA-2016-118129,12/19/2016,12/21/2016,Second Class,Consumer,United States,Reading,Pennsylvania,19601,East,Furniture,303.92,5,0.2,-30.392
8432,CA-2017-155621,11-08-2017,11/13/2017,Standard Class,Corporate,United States,Baltimore,Maryland,21215,East,Furniture,274.2,10,0,112.422
8435,US-2014-127635,9/14/2014,9/18/2014,Second Class,Corporate,United States,Corpus Christi,Texas,78415,Central,Furniture,9.96,5,0.6,-6.723
8446,CA-2017-125451,10/23/2017,10/24/2017,First Class,Corporate,United States,Cranston,Rhode Island,2920,East,Furniture,240.744,4,0.3,-13.7568
8447,CA-2017-125451,10/23/2017,10/24/2017,First Class,Corporate,United States,Cranston,Rhode Island,2920,East,Furniture,35,4,0,14.7
8448,CA-2017-125451,10/23/2017,10/24/2017,First Class,Corporate,United States,Cranston,Rhode Island,2920,East,Furniture,210.68,2,0,50.5632
8449,CA-2017-125451,10/23/2017,10/24/2017,First Class,Corporate,United States,Cranston,Rhode Island,2920,East,Furniture,637.896,3,0.3,-127.5792
8453,CA-2016-125087,4/18/2016,4/23/2016,Standard Class,Corporate,United States,Houston,Texas,77070,Central,Furniture,344.372,4,0.3,-93.4724
8455,CA-2016-125087,4/18/2016,4/23/2016,Standard Class,Corporate,United States,Houston,Texas,77070,Central,Furniture,127.88,5,0.6,-67.137
8457,US-2017-118556,5/28/2017,06-02-2017,Second Class,Corporate,United States,Chicago,Illinois,60653,Central,Furniture,106.869,3,0.3,-29.0073
8469,US-2016-164196,11-11-2016,11/17/2016,Standard Class,Corporate,United States,Noblesville,Indiana,46060,Central,Furniture,2678.94,6,0,241.1046
8470,US-2017-132031,4/23/2017,4/27/2017,Standard Class,Home Office,United States,Clarksville,Tennessee,37042,South,Furniture,387.136,4,0.2,-14.5176
8472,US-2017-132031,4/23/2017,4/27/2017,Standard Class,Home Office,United States,Clarksville,Tennessee,37042,South,Furniture,77.952,3,0.2,-11.6928
8485,CA-2017-142391,9/24/2017,9/24/2017,Same Day,Consumer,United States,Seattle,Washington,98115,West,Furniture,199.8,10,0,71.928
8491,CA-2016-158841,02-02-2016,02-04-2016,Second Class,Consumer,United States,Arlington,Virginia,22204,South,Furniture,18.69,7,0,7.1022
8503,CA-2015-102316,03-01-2015,03-03-2015,Second Class,Corporate,United States,Los Angeles,California,90045,West,Furniture,184.752,3,0.2,-20.7846
8505,CA-2016-109400,05-02-2016,05-06-2016,Standard Class,Consumer,United States,Amarillo,Texas,79109,Central,Furniture,366.744,4,0.3,-110.0232
8513,CA-2016-144645,02-02-2016,02-08-2016,Standard Class,Corporate,United States,Houston,Texas,77041,Central,Furniture,73.784,2,0.6,-77.4732
8518,CA-2017-149720,06-04-2017,06-07-2017,Second Class,Consumer,United States,Frisco,Texas,75034,Central,Furniture,30.336,6,0.6,-17.4432
8519,CA-2017-118003,12-04-2017,12-10-2017,Standard Class,Consumer,United States,Paterson,New Jersey,7501,East,Furniture,12.99,1,0,1.5588
8520,CA-2017-118003,12-04-2017,12-10-2017,Standard Class,Consumer,United States,Paterson,New Jersey,7501,East,Furniture,182.22,3,0,45.555
8521,CA-2017-118003,12-04-2017,12-10-2017,Standard Class,Consumer,United States,Paterson,New Jersey,7501,East,Furniture,302.94,3,0,18.1764
8522,CA-2016-141887,01-11-2016,1/15/2016,Standard Class,Home Office,United States,Columbus,Ohio,43229,East,Furniture,54.992,14,0.2,8.9362
8526,CA-2017-161172,3/16/2017,3/16/2017,Same Day,Consumer,United States,Columbus,Ohio,43229,East,Furniture,51.264,6,0.2,7.6896
8530,CA-2017-137624,11-10-2017,11/17/2017,Standard Class,Home Office,United States,Los Angeles,California,90008,West,Furniture,241.424,2,0.2,-36.2136
8534,CA-2016-156748,11/30/2016,12-06-2016,Standard Class,Consumer,United States,Detroit,Michigan,48227,Central,Furniture,389.97,3,0,35.0973
8543,CA-2015-157287,12/22/2015,12/23/2015,First Class,Corporate,United States,Philadelphia,Pennsylvania,19140,East,Furniture,422.625,7,0.3,0
8545,CA-2016-119074,3/27/2016,3/31/2016,Standard Class,Corporate,United States,Columbus,Georgia,31907,South,Furniture,20.24,1,0,8.7032
8546,CA-2016-119074,3/27/2016,3/31/2016,Standard Class,Corporate,United States,Columbus,Georgia,31907,South,Furniture,39.92,4,0,11.1776
8550,CA-2015-126186,09-11-2015,09-12-2015,First Class,Corporate,United States,Aurora,Colorado,80013,West,Furniture,24.64,4,0.2,4.004
8555,CA-2016-102092,12-09-2016,12-11-2016,First Class,Consumer,United States,Springfield,Virginia,22153,South,Furniture,1056.86,7,0,158.529
8562,CA-2016-132829,12/23/2016,12/26/2016,Second Class,Corporate,United States,Houston,Texas,77041,Central,Furniture,2.328,2,0.6,-0.7566
8563,CA-2016-123540,04-02-2016,04-06-2016,Second Class,Corporate,United States,Milwaukee,Wisconsin,53209,Central,Furniture,1454.9,5,0,378.274
8565,US-2017-108315,4/30/2017,05-04-2017,Standard Class,Home Office,United States,Sanford,Florida,32771,South,Furniture,220.704,6,0.2,-8.2764
8577,CA-2017-106747,07-03-2017,07-04-2017,First Class,Consumer,United States,Concord,New Hampshire,3301,East,Furniture,102.3,1,0,26.598
8578,CA-2017-146164,12/22/2017,12/26/2017,Standard Class,Consumer,United States,Rochester,Minnesota,55901,Central,Furniture,607.52,2,0,97.2032
8581,CA-2014-130673,5/20/2014,5/22/2014,Second Class,Corporate,United States,San Marcos,Texas,78666,Central,Furniture,10.332,3,0.6,-5.9409
8593,CA-2017-101700,4/23/2017,4/26/2017,First Class,Consumer,United States,Greeley,Colorado,80634,West,Furniture,11.664,3,0.2,3.3534
8608,CA-2014-151946,06-04-2014,06-09-2014,Standard Class,Consumer,United States,New York City,New York,10035,East,Furniture,56.96,2,0,21.0752
8610,CA-2014-151946,06-04-2014,06-09-2014,Standard Class,Consumer,United States,New York City,New York,10035,East,Furniture,353.568,2,0.2,-44.196
8611,CA-2014-151946,06-04-2014,06-09-2014,Standard Class,Consumer,United States,New York City,New York,10035,East,Furniture,13.96,2,0,6.7008
8619,CA-2017-117513,03-03-2017,03-08-2017,Standard Class,Corporate,United States,Los Angeles,California,90004,West,Furniture,399.672,7,0.2,-14.9877
8621,US-2017-119319,11-06-2017,11-09-2017,Second Class,Consumer,United States,Dallas,Texas,75217,Central,Furniture,30.56,5,0.6,-19.864
8630,CA-2015-164084,09-07-2015,09-12-2015,Standard Class,Corporate,United States,New York City,New York,10011,East,Furniture,481.176,2,0.4,-120.294
8632,CA-2016-107783,7/28/2016,7/29/2016,First Class,Consumer,United States,Bethlehem,Pennsylvania,18018,East,Furniture,177.45,5,0.5,-78.078
8635,CA-2017-159793,8/25/2017,8/29/2017,Standard Class,Consumer,United States,Philadelphia,Pennsylvania,19140,East,Furniture,130.98,2,0.5,-89.0664
8638,CA-2017-151281,4/27/2017,05-02-2017,Standard Class,Consumer,United States,Seattle,Washington,98105,West,Furniture,139.58,7,0,39.0824
8646,CA-2015-108259,11-08-2015,11/15/2015,Standard Class,Corporate,United States,Jacksonville,North Carolina,28540,South,Furniture,4.712,1,0.2,1.4136
8647,CA-2016-113341,11/25/2016,11/29/2016,Standard Class,Consumer,United States,Los Angeles,California,90032,West,Furniture,194.352,3,0.2,19.4352
8648,US-2015-131842,12-05-2015,12-08-2015,First Class,Corporate,United States,Nashville,Tennessee,37211,South,Furniture,97.424,2,0.2,10.9602
8652,CA-2014-142769,9/13/2014,9/13/2014,Same Day,Consumer,United States,Seattle,Washington,98103,West,Furniture,14.19,3,0,5.5341
8661,CA-2017-124765,11/25/2017,11/30/2017,Standard Class,Consumer,United States,Fort Lauderdale,Florida,33311,South,Furniture,723.92,5,0.2,-81.441
8662,CA-2015-131856,05-12-2015,5/17/2015,Standard Class,Consumer,United States,Houston,Texas,77041,Central,Furniture,21.968,4,0.6,-15.9268
8665,CA-2017-126634,3/30/2017,04-01-2017,Second Class,Consumer,United States,Lakewood,California,90712,West,Furniture,94.2,5,0,39.564
8671,US-2014-159611,12/27/2014,01-01-2015,Second Class,Consumer,United States,Cleveland,Ohio,44105,East,Furniture,182.352,3,0.2,-18.2352
8674,CA-2017-163265,2/16/2017,2/21/2017,Standard Class,Consumer,United States,Decatur,Illinois,62521,Central,Furniture,600.558,3,0.3,-8.5794
8677,CA-2017-163265,2/16/2017,2/21/2017,Standard Class,Consumer,United States,Decatur,Illinois,62521,Central,Furniture,7.692,1,0.6,-3.6537
8678,CA-2017-141705,10/24/2017,10/26/2017,First Class,Consumer,United States,Mansfield,Texas,76063,Central,Furniture,517.405,5,0.3,-81.3065
8696,CA-2017-127096,9/15/2017,9/17/2017,Second Class,Home Office,United States,San Francisco,California,94109,West,Furniture,300.904,1,0.2,11.2839
8698,CA-2017-119284,6/15/2017,6/20/2017,Standard Class,Corporate,United States,Nashville,Tennessee,37211,South,Furniture,31.168,4,0.2,9.3504
8699,CA-2017-119284,6/15/2017,6/20/2017,Standard Class,Corporate,United States,Nashville,Tennessee,37211,South,Furniture,120.96,2,0.4,-28.224
8707,CA-2014-146815,09-08-2014,9/13/2014,Standard Class,Home Office,United States,New York City,New York,10009,East,Furniture,172.764,2,0.1,13.4372
8710,CA-2014-119144,11/16/2014,11/18/2014,First Class,Corporate,United States,Los Angeles,California,90008,West,Furniture,305.9745,3,0.15,25.1979
8712,CA-2014-105648,03-03-2014,03-07-2014,Standard Class,Consumer,United States,San Diego,California,92037,West,Furniture,626.352,3,0.2,-23.4882
8713,US-2015-145422,12-03-2015,12-07-2015,Standard Class,Consumer,United States,San Francisco,California,94110,West,Furniture,359.499,3,0.15,-29.6058
8718,CA-2016-120824,06-12-2016,6/16/2016,Second Class,Home Office,United States,Houston,Texas,77070,Central,Furniture,6.984,2,0.6,-4.5396
8721,CA-2016-120824,06-12-2016,6/16/2016,Second Class,Home Office,United States,Houston,Texas,77070,Central,Furniture,379.372,2,0.3,-119.2312
8728,CA-2015-103870,12/27/2015,12/31/2015,Standard Class,Corporate,United States,Murfreesboro,Tennessee,37130,South,Furniture,53.352,3,0.2,16.0056
8729,CA-2015-103870,12/27/2015,12/31/2015,Standard Class,Corporate,United States,Murfreesboro,Tennessee,37130,South,Furniture,131.104,2,0.2,8.194
8734,CA-2017-116988,6/27/2017,6/29/2017,Second Class,Corporate,United States,Seattle,Washington,98105,West,Furniture,126.3,3,0,40.416
8743,US-2015-144771,10-02-2015,10-04-2015,First Class,Consumer,United States,Hillsboro,Oregon,97123,West,Furniture,11.032,1,0.2,3.0338
8747,CA-2017-128076,02-02-2017,02-07-2017,Standard Class,Corporate,United States,San Diego,California,92105,West,Furniture,210.58,2,0,12.6348
8759,CA-2016-114307,7/22/2016,7/26/2016,Standard Class,Corporate,United States,Columbia,Maryland,21044,East,Furniture,27.42,3,0,9.3228
8771,CA-2016-151148,09-12-2016,9/13/2016,Same Day,Home Office,United States,Louisville,Colorado,80027,West,Furniture,83.136,4,0.2,5.196
8777,CA-2016-102813,07-02-2016,07-03-2016,First Class,Corporate,United States,Huntsville,Texas,77340,Central,Furniture,528.43,5,0.3,0
8779,CA-2017-135377,12/13/2017,12/18/2017,Standard Class,Corporate,United States,New York City,New York,10024,East,Furniture,287.976,3,0.2,7.1994
8782,CA-2015-133585,03-01-2015,03-04-2015,First Class,Corporate,United States,Houston,Texas,77070,Central,Furniture,1227.9984,6,0.32,-36.1176
8784,CA-2016-116911,9/15/2016,9/20/2016,Standard Class,Corporate,United States,Twin Falls,Idaho,83301,West,Furniture,1128.39,3,0,259.5297
8789,CA-2017-126914,6/15/2017,6/19/2017,Standard Class,Consumer,United States,Monroe,North Carolina,28110,South,Furniture,698.352,3,0.2,52.3764
8790,CA-2017-126914,6/15/2017,6/19/2017,Standard Class,Consumer,United States,Monroe,North Carolina,28110,South,Furniture,77.728,2,0.2,-3.8864
8803,CA-2016-140935,11-10-2016,11-12-2016,First Class,Consumer,United States,Oklahoma City,Oklahoma,73120,Central,Furniture,341.96,2,0,54.7136
8807,CA-2016-113082,09-12-2016,9/16/2016,Standard Class,Corporate,United States,Utica,New York,13501,East,Furniture,40.48,2,0,14.5728
8814,CA-2015-127754,7/26/2015,7/31/2015,Standard Class,Corporate,United States,Glendale,Arizona,85301,West,Furniture,266.352,3,0.2,13.3176
8832,CA-2015-145324,11/15/2015,11/19/2015,Standard Class,Home Office,United States,Harrisonburg,Virginia,22801,South,Furniture,39.96,2,0,14.3856
8850,CA-2015-140718,07-02-2015,07-04-2015,First Class,Corporate,United States,Raleigh,North Carolina,27604,South,Furniture,159.84,10,0.2,45.954
8862,CA-2015-125934,09-11-2015,9/18/2015,Standard Class,Home Office,United States,Paterson,New Jersey,7501,East,Furniture,8.92,4,0,3.9248
8867,CA-2014-120411,9/20/2014,9/23/2014,First Class,Consumer,United States,Chicago,Illinois,60653,Central,Furniture,493.43,5,0.3,-70.49
8871,CA-2017-101805,12-01-2017,12-06-2017,Standard Class,Corporate,United States,Seattle,Washington,98105,West,Furniture,70.68,12,0,31.0992
8889,CA-2017-103968,12-01-2017,12-07-2017,Standard Class,Home Office,United States,Stockton,California,95207,West,Furniture,629.64,9,0,107.0388
8892,CA-2016-162159,9/16/2016,9/18/2016,First Class,Home Office,United States,Columbus,Georgia,31907,South,Furniture,121.78,2,0,30.445
8893,CA-2015-111038,12-01-2015,12-06-2015,Standard Class,Home Office,United States,San Diego,California,92037,West,Furniture,2676.672,9,0.2,267.6672
8894,CA-2014-124723,08-05-2014,08-12-2014,Standard Class,Consumer,United States,Texas City,Texas,77590,Central,Furniture,489.23,2,0.3,41.934
8895,CA-2016-167241,8/15/2016,8/22/2016,Standard Class,Consumer,United States,Los Angeles,California,90004,West,Furniture,312.03,3,0,43.6842
8901,CA-2016-150483,5/31/2016,06-04-2016,Standard Class,Consumer,United States,Decatur,Illinois,62521,Central,Furniture,32.064,3,0.6,-12.8256
8903,CA-2016-150483,5/31/2016,06-04-2016,Standard Class,Consumer,United States,Decatur,Illinois,62521,Central,Furniture,191.079,3,0.3,-38.2158
8920,CA-2014-160276,04-02-2014,04-08-2014,Standard Class,Corporate,United States,Virginia Beach,Virginia,23464,South,Furniture,177.68,2,0,46.1968
8923,CA-2016-145709,10-04-2016,10-08-2016,Standard Class,Corporate,United States,Coral Gables,Florida,33134,South,Furniture,11.568,3,0.2,2.6028
8927,CA-2016-168032,1/30/2016,02-03-2016,Standard Class,Consumer,United States,Rockford,Illinois,61107,Central,Furniture,626.1,3,0.5,-538.446
8929,US-2015-168704,4/13/2015,4/17/2015,Standard Class,Consumer,United States,Huntsville,Texas,77340,Central,Furniture,609.98,4,0.3,-113.282
8930,US-2015-168704,4/13/2015,4/17/2015,Standard Class,Consumer,United States,Huntsville,Texas,77340,Central,Furniture,211.372,2,0.3,-45.294
8932,CA-2017-143252,12/18/2017,12/24/2017,Standard Class,Corporate,United States,Milwaukee,Wisconsin,53209,Central,Furniture,99.95,5,0,22.9885
8934,CA-2016-102134,3/14/2016,3/19/2016,Standard Class,Corporate,United States,Green Bay,Wisconsin,54302,Central,Furniture,16.74,2,0,4.3524
8944,CA-2017-111717,10-10-2017,10/16/2017,Standard Class,Consumer,United States,Aurora,Illinois,60505,Central,Furniture,239.358,3,0.3,-47.8716
8950,CA-2017-150910,12/22/2017,12/28/2017,Standard Class,Consumer,United States,Jackson,Tennessee,38301,South,Furniture,934.956,6,0.4,-249.3216
8955,CA-2014-156790,08-08-2014,08-10-2014,Second Class,Consumer,United States,Jacksonville,Florida,32216,South,Furniture,155.456,4,0.2,-7.7728
8957,CA-2017-105620,12/25/2017,12/28/2017,First Class,Consumer,United States,Hialeah,Florida,33012,South,Furniture,21,3,0.2,5.775
8961,CA-2017-150266,11/25/2017,11/30/2017,Standard Class,Consumer,United States,Houston,Texas,77070,Central,Furniture,853.93,5,0.3,-24.398
8963,CA-2016-157280,11-05-2016,11-07-2016,First Class,Consumer,United States,Virginia Beach,Virginia,23464,South,Furniture,273.96,2,0,71.2296
8965,CA-2016-157280,11-05-2016,11-07-2016,First Class,Consumer,United States,Virginia Beach,Virginia,23464,South,Furniture,756.8,5,0,75.68
8968,CA-2016-134180,11-03-2016,11-07-2016,Standard Class,Home Office,United States,Philadelphia,Pennsylvania,19120,East,Furniture,470.155,7,0.3,-13.433
8972,CA-2017-122308,3/24/2017,3/28/2017,Standard Class,Consumer,United States,New York City,New York,10011,East,Furniture,271.764,2,0.1,60.392
8974,CA-2017-159226,4/25/2017,4/27/2017,Second Class,Consumer,United States,Los Angeles,California,90008,West,Furniture,344.981,7,0.15,28.4102
8977,CA-2017-156622,11/23/2017,11/26/2017,First Class,Corporate,United States,Dallas,Texas,75220,Central,Furniture,127.785,1,0.3,-31.0335
8984,CA-2016-110898,03-06-2016,03-12-2016,Standard Class,Consumer,United States,Chicago,Illinois,60623,Central,Furniture,159.04,5,0.6,-194.824
8985,CA-2016-110898,03-06-2016,03-12-2016,Standard Class,Consumer,United States,Chicago,Illinois,60623,Central,Furniture,145.98,2,0.5,-99.2664
8986,CA-2015-123092,12-03-2015,12-07-2015,Standard Class,Consumer,United States,Jacksonville,North Carolina,28540,South,Furniture,77.952,3,0.2,12.6672
8990,US-2015-128587,12/24/2015,12/30/2015,Standard Class,Corporate,United States,Springfield,Missouri,65807,Central,Furniture,9.68,2,0,3.7752
8994,CA-2017-159100,10/16/2017,10/21/2017,Standard Class,Corporate,United States,Columbia,Tennessee,38401,South,Furniture,1875.258,7,0.4,-968.8833
9000,CA-2017-137785,5/13/2017,5/17/2017,Standard Class,Home Office,United States,Philadelphia,Pennsylvania,19140,East,Furniture,458.43,5,0.3,-124.431
9009,CA-2017-107825,11/18/2017,11/18/2017,Same Day,Corporate,United States,Milwaukee,Wisconsin,53209,Central,Furniture,5.82,2,0,2.7354
9013,CA-2016-121447,2/21/2016,2/22/2016,First Class,Corporate,United States,New York City,New York,10011,East,Furniture,135.8,7,0,66.542
9021,CA-2014-100706,12/16/2014,12/18/2014,Second Class,Consumer,United States,Springfield,Virginia,22153,South,Furniture,29.46,6,0,9.7218
9023,US-2016-141880,8/22/2016,8/23/2016,First Class,Home Office,United States,Fort Collins,Colorado,80525,West,Furniture,98.328,3,0.2,9.8328
9024,CA-2015-165799,6/29/2015,07-02-2015,First Class,Consumer,United States,New York City,New York,10024,East,Furniture,117.882,1,0.1,1.3098
9027,CA-2016-102127,6/26/2016,07-02-2016,Standard Class,Corporate,United States,New York City,New York,10035,East,Furniture,37.74,3,0,12.8316
9028,US-2016-152415,9/17/2016,9/22/2016,Standard Class,Consumer,United States,Marlborough,Massachusetts,1752,East,Furniture,14.82,3,0,6.2244
9029,US-2016-152415,9/17/2016,9/22/2016,Standard Class,Consumer,United States,Marlborough,Massachusetts,1752,East,Furniture,191.82,3,0,61.3824
9032,CA-2017-128041,09-01-2017,09-01-2017,Same Day,Corporate,United States,Seattle,Washington,98103,West,Furniture,283.56,4,0,45.3696
9033,CA-2017-105823,6/22/2017,6/26/2017,Standard Class,Home Office,United States,Detroit,Michigan,48227,Central,Furniture,487.96,2,0,146.388
9041,CA-2014-138177,9/19/2014,9/24/2014,Standard Class,Corporate,United States,Chandler,Arizona,85224,West,Furniture,73.915,1,0.5,-45.8273
9042,CA-2014-114335,9/28/2014,10-03-2014,Standard Class,Consumer,United States,Hollywood,Florida,33021,South,Furniture,337.088,4,0.2,16.8544
9057,CA-2015-160227,11-02-2015,11-04-2015,First Class,Home Office,United States,New York City,New York,10011,East,Furniture,2621.322,11,0.1,553.3902
9058,CA-2015-149097,10/20/2015,10/24/2015,Standard Class,Consumer,United States,Los Angeles,California,90045,West,Furniture,74.76,7,0,23.9232
9059,CA-2015-149097,10/20/2015,10/24/2015,Standard Class,Consumer,United States,Los Angeles,California,90045,West,Furniture,364.776,3,0.2,27.3582
9060,CA-2016-132304,6/14/2016,6/18/2016,Standard Class,Corporate,United States,Seattle,Washington,98103,West,Furniture,1115.17,7,0,334.551
9069,CA-2016-106278,09-02-2016,09-05-2016,Second Class,Consumer,United States,Des Moines,Washington,98198,West,Furniture,215.976,3,0.2,-2.6997
9071,CA-2017-147550,12-04-2017,12-05-2017,First Class,Corporate,United States,Philadelphia,Pennsylvania,19134,East,Furniture,11.352,3,0.2,2.6961
9079,CA-2016-108105,2/16/2016,2/23/2016,Standard Class,Consumer,United States,Henderson,Kentucky,42420,South,Furniture,318.08,4,0,34.9888
9088,CA-2016-143406,9/26/2016,9/30/2016,Standard Class,Corporate,United States,Houston,Texas,77041,Central,Furniture,454.965,5,0.3,-136.4895
9093,CA-2015-162950,6/28/2015,07-03-2015,Second Class,Corporate,United States,Troy,Ohio,45373,East,Furniture,482.94,6,0.5,-376.6932
9104,CA-2015-163181,11-07-2015,11-12-2015,Standard Class,Consumer,United States,Houston,Texas,77041,Central,Furniture,64.96,5,0.6,-84.448
9117,CA-2017-153045,1/19/2017,1/24/2017,Second Class,Consumer,United States,Philadelphia,Pennsylvania,19140,East,Furniture,31.968,2,0.2,6.3936
9118,CA-2017-153045,1/19/2017,1/24/2017,Second Class,Consumer,United States,Philadelphia,Pennsylvania,19140,East,Furniture,887.271,3,0.3,-63.3765
9125,CA-2016-128916,8/18/2016,8/20/2016,Second Class,Home Office,United States,Houston,Texas,77070,Central,Furniture,9.552,3,0.6,-3.8208
9126,CA-2016-128916,8/18/2016,8/20/2016,Second Class,Home Office,United States,Houston,Texas,77070,Central,Furniture,5.344,4,0.6,-2.1376
9130,CA-2016-130911,3/24/2016,3/26/2016,Second Class,Consumer,United States,Cleveland,Ohio,44105,East,Furniture,301.47,3,0.5,-241.176
9132,CA-2017-100055,5/28/2017,06-01-2017,Standard Class,Corporate,United States,Laurel,Maryland,20707,East,Furniture,27.46,2,0,9.8856
9155,CA-2016-132990,08-01-2016,08-03-2016,Second Class,Consumer,United States,Philadelphia,Pennsylvania,19140,East,Furniture,19.312,2,0.2,3.1382
9162,CA-2016-160108,12-08-2016,12-12-2016,Standard Class,Consumer,United States,Eau Claire,Wisconsin,54703,Central,Furniture,405.86,7,0,32.4688
9163,CA-2016-160108,12-08-2016,12-12-2016,Standard Class,Consumer,United States,Eau Claire,Wisconsin,54703,Central,Furniture,680.01,3,0,176.8026
9171,US-2016-155768,12-01-2016,12-01-2016,Same Day,Home Office,United States,Oxnard,California,93030,West,Furniture,31.96,2,0,1.598
9185,CA-2017-156776,08-07-2017,08-11-2017,Standard Class,Consumer,United States,Westminster,California,92683,West,Furniture,51.75,1,0,15.525
9186,CA-2017-156776,08-07-2017,08-11-2017,Standard Class,Consumer,United States,Westminster,California,92683,West,Furniture,207.184,1,0.2,25.898
9200,CA-2014-103310,05-10-2014,5/15/2014,Standard Class,Consumer,United States,San Jose,California,95123,West,Furniture,256.784,1,0.2,32.098
9201,CA-2016-152688,10/17/2016,10/20/2016,First Class,Consumer,United States,Perth Amboy,New Jersey,8861,East,Furniture,120.98,1,0,12.098
9213,CA-2014-144071,12-08-2014,12/15/2014,Standard Class,Corporate,United States,San Francisco,California,94110,West,Furniture,39.88,2,0,11.1664
9214,CA-2014-144071,12-08-2014,12/15/2014,Standard Class,Corporate,United States,San Francisco,California,94110,West,Furniture,79.44,3,0,28.5984
9220,US-2015-164238,8/16/2015,8/20/2015,Standard Class,Consumer,United States,Philadelphia,Pennsylvania,19120,East,Furniture,301.47,3,0.5,-204.9996
9222,CA-2017-103212,10/13/2017,10/14/2017,First Class,Consumer,United States,Lafayette,Louisiana,70506,South,Furniture,1504.52,4,0,346.0396
9233,CA-2016-126732,09-02-2016,09-06-2016,Standard Class,Consumer,United States,Los Angeles,California,90036,West,Furniture,94.68,9,0,31.2444
9237,CA-2016-126732,09-02-2016,09-06-2016,Standard Class,Consumer,United States,Los Angeles,California,90036,West,Furniture,568.728,3,0.2,28.4364
9239,CA-2017-138156,02-11-2017,2/14/2017,First Class,Consumer,United States,Columbus,Ohio,43229,East,Furniture,147.568,2,0.2,-3.6892
9244,CA-2014-113271,07-09-2014,7/14/2014,Standard Class,Home Office,United States,San Francisco,California,94122,West,Furniture,119.833,1,0.15,7.049
9255,CA-2014-168368,02-11-2014,2/15/2014,Second Class,Consumer,United States,Columbia,Missouri,65203,Central,Furniture,60.89,1,0,15.2225
9258,CA-2014-168368,02-11-2014,2/15/2014,Second Class,Consumer,United States,Columbia,Missouri,65203,Central,Furniture,332.94,3,0,53.2704
9262,CA-2017-111388,09-02-2017,09-02-2017,Same Day,Home Office,United States,Seattle,Washington,98103,West,Furniture,215.976,3,0.2,-2.6997
9263,CA-2015-124499,10-09-2015,10/13/2015,Standard Class,Consumer,United States,Detroit,Michigan,48227,Central,Furniture,389.97,3,0,35.0973
9267,CA-2014-125759,02-08-2014,02-09-2014,First Class,Home Office,United States,North Las Vegas,Nevada,89031,West,Furniture,14.56,2,0,5.5328
9268,CA-2015-151869,9/25/2015,9/25/2015,Same Day,Consumer,United States,Freeport,New York,11520,East,Furniture,102.582,1,0.1,6.8388
9272,CA-2016-100510,05-12-2016,5/17/2016,Standard Class,Corporate,United States,New York City,New York,10024,East,Furniture,10.02,3,0,4.4088
9280,CA-2017-122539,12-01-2017,12-05-2017,Standard Class,Consumer,United States,Philadelphia,Pennsylvania,19140,East,Furniture,398.972,2,0.3,-28.498
9281,CA-2016-166772,9/20/2016,9/24/2016,Standard Class,Home Office,United States,Seattle,Washington,98105,West,Furniture,163.88,2,0,40.97
9285,CA-2014-161032,11/18/2014,11/23/2014,Standard Class,Corporate,United States,Franklin,Wisconsin,53132,Central,Furniture,392.94,3,0,43.2234
9286,CA-2015-102778,11/21/2015,11/24/2015,First Class,Consumer,United States,Monroe,North Carolina,28110,South,Furniture,18.176,1,0.2,4.7712
9288,CA-2017-154011,6/19/2017,6/26/2017,Standard Class,Home Office,United States,Dallas,Texas,75081,Central,Furniture,457.485,3,0.3,-84.9615
9289,US-2017-165456,11/30/2017,12-03-2017,First Class,Consumer,United States,Philadelphia,Pennsylvania,19134,East,Furniture,1079.316,6,0.3,-15.4188
9296,CA-2017-161340,5/28/2017,06-01-2017,Standard Class,Corporate,United States,Cleveland,Ohio,44105,East,Furniture,115.96,4,0.5,-64.9376
9301,US-2015-163433,4/18/2015,4/22/2015,Second Class,Corporate,United States,Mcallen,Texas,78501,Central,Furniture,56.686,1,0.3,-20.245
9320,US-2017-108343,7/20/2017,7/25/2017,Standard Class,Corporate,United States,New York City,New York,10009,East,Furniture,163.764,2,0.1,25.4744
9321,US-2017-108343,7/20/2017,7/25/2017,Standard Class,Corporate,United States,New York City,New York,10009,East,Furniture,183.92,4,0,31.2664
9322,US-2016-111563,11-04-2016,11-08-2016,Standard Class,Consumer,United States,Houston,Texas,77041,Central,Furniture,11.376,3,0.6,-5.688
9323,US-2016-111563,11-04-2016,11-08-2016,Standard Class,Consumer,United States,Houston,Texas,77041,Central,Furniture,66.112,4,0.6,-84.2928
9325,CA-2017-121853,9/23/2017,9/29/2017,Standard Class,Consumer,United States,Los Angeles,California,90036,West,Furniture,594.816,2,0.2,59.4816
9327,US-2017-130687,09-07-2017,09-10-2017,First Class,Consumer,United States,Edmonds,Washington,98026,West,Furniture,80.96,4,0,34.8128
9335,CA-2017-110198,05-01-2017,05-02-2017,First Class,Consumer,United States,Coral Springs,Florida,33065,South,Furniture,314.352,3,0.2,-15.7176
9344,CA-2017-109085,2/17/2017,2/20/2017,First Class,Home Office,United States,Troy,Ohio,45373,East,Furniture,455.97,5,0.4,-106.393
9347,CA-2017-109085,2/17/2017,2/20/2017,First Class,Home Office,United States,Troy,Ohio,45373,East,Furniture,30.144,2,0.2,8.2896
9348,CA-2017-109085,2/17/2017,2/20/2017,First Class,Home Office,United States,Troy,Ohio,45373,East,Furniture,899.43,5,0.3,-12.849
9349,CA-2016-114860,12/22/2016,12/28/2016,Standard Class,Consumer,United States,Moreno Valley,California,92553,West,Furniture,842.72,8,0,202.2528
9350,CA-2016-114860,12/22/2016,12/28/2016,Standard Class,Consumer,United States,Moreno Valley,California,92553,West,Furniture,41.96,2,0,10.9096
9352,CA-2016-159009,9/23/2016,9/27/2016,Standard Class,Corporate,United States,Seattle,Washington,98115,West,Furniture,184.752,3,0.2,-20.7846
9353,CA-2017-148411,9/24/2017,9/26/2017,First Class,Consumer,United States,Chicago,Illinois,60623,Central,Furniture,520.464,2,0.3,-14.8704
9359,CA-2016-168046,1/25/2016,1/28/2016,Second Class,Corporate,United States,New York City,New York,10024,East,Furniture,313.722,3,0.4,-99.3453
9360,CA-2016-168046,1/25/2016,1/28/2016,Second Class,Corporate,United States,New York City,New York,10024,East,Furniture,45.98,1,0,7.8166
9364,CA-2017-111591,3/21/2017,3/25/2017,Standard Class,Home Office,United States,Seattle,Washington,98105,West,Furniture,22.14,3,0,6.4206
9370,CA-2017-113460,11-07-2017,11-09-2017,Second Class,Corporate,United States,Clinton,Maryland,20735,East,Furniture,272.97,3,0,43.6752
9371,CA-2015-111339,5/29/2015,5/31/2015,First Class,Corporate,United States,Columbus,Ohio,43229,East,Furniture,41.568,4,0.2,-4.1568
9372,CA-2015-111339,5/29/2015,5/31/2015,First Class,Corporate,United States,Columbus,Ohio,43229,East,Furniture,317.058,3,0.3,-86.0586
9381,CA-2014-154158,12/23/2014,12/27/2014,Second Class,Consumer,United States,Tampa,Florida,33614,South,Furniture,64.784,1,0.2,6.4784
9386,CA-2017-163097,8/27/2017,8/31/2017,Standard Class,Consumer,United States,Mesa,Arizona,85204,West,Furniture,120.576,8,0.2,33.1584
9393,CA-2015-130848,10/25/2015,10/25/2015,Same Day,Corporate,United States,Denver,Colorado,80219,West,Furniture,582.336,8,0.2,-29.1168
9395,CA-2014-125997,9/20/2014,9/23/2014,First Class,Consumer,United States,New York City,New York,10011,East,Furniture,631.782,2,0.1,140.396
9396,CA-2014-125997,9/20/2014,9/23/2014,First Class,Consumer,United States,New York City,New York,10011,East,Furniture,801.568,2,0.2,-10.0196
9402,CA-2014-159814,6/24/2014,6/28/2014,Standard Class,Consumer,United States,Tucson,Arizona,85705,West,Furniture,4.272,2,0.2,0.9612
9403,CA-2016-105459,08-12-2016,8/17/2016,Second Class,Consumer,United States,New York City,New York,10024,East,Furniture,209.148,2,0.4,-66.2302
9409,CA-2017-162789,9/22/2017,9/24/2017,Second Class,Consumer,United States,New York City,New York,10035,East,Furniture,12.07,1,0,3.9831
9411,US-2017-110149,12-10-2017,12/13/2017,First Class,Consumer,United States,Philadelphia,Pennsylvania,19143,East,Furniture,87.92,5,0.2,15.386
9413,CA-2015-164777,1/27/2015,1/29/2015,First Class,Consumer,United States,Los Angeles,California,90036,West,Furniture,2803.92,5,0.2,0
9417,CA-2015-127824,10/18/2015,10/22/2015,Standard Class,Consumer,United States,Seattle,Washington,98115,West,Furniture,10.11,3,0,3.2352
9426,CA-2014-116246,09-12-2014,9/17/2014,Second Class,Consumer,United States,New York City,New York,10035,East,Furniture,3785.292,6,0.1,420.588
9428,CA-2014-167486,11/27/2014,12-01-2014,Standard Class,Corporate,United States,Buffalo,New York,14215,East,Furniture,199.9,5,0,39.98
9429,CA-2014-152100,05-11-2014,5/16/2014,Standard Class,Corporate,United States,Huntsville,Texas,77340,Central,Furniture,1212.96,8,0.3,-69.312
9431,CA-2015-166219,8/28/2015,09-01-2015,Standard Class,Corporate,United States,Dallas,Texas,75081,Central,Furniture,103.481,1,0.3,-16.2613
9448,CA-2017-136882,5/27/2017,06-03-2017,Standard Class,Consumer,United States,Tulsa,Oklahoma,74133,Central,Furniture,477.3,5,0,138.417
9463,US-2017-109610,11/25/2017,11/30/2017,Second Class,Corporate,United States,Louisville,Kentucky,40214,South,Furniture,701.96,2,0,168.4704
9466,CA-2016-126858,11/19/2016,11/23/2016,Standard Class,Corporate,United States,Seattle,Washington,98115,West,Furniture,31.96,2,0,1.598
9468,CA-2017-102925,11-05-2017,11-10-2017,Second Class,Consumer,United States,New York City,New York,10024,East,Furniture,166.5,2,0.4,-66.6
9473,CA-2017-102925,11-05-2017,11-10-2017,Second Class,Consumer,United States,New York City,New York,10024,East,Furniture,128.124,2,0.1,24.2012
9474,CA-2017-102925,11-05-2017,11-10-2017,Second Class,Consumer,United States,New York City,New York,10024,East,Furniture,101.4,5,0,38.532
9477,CA-2015-100818,5/31/2015,06-05-2015,Second Class,Corporate,United States,Chicago,Illinois,60653,Central,Furniture,51.56,2,0.6,-61.872
9485,CA-2016-164770,12-02-2016,12-04-2016,Second Class,Corporate,United States,Houston,Texas,77036,Central,Furniture,781.864,10,0.32,-137.976
9487,CA-2017-130505,10-12-2017,10-12-2017,Same Day,Consumer,United States,Wheeling,West Virginia,26003,East,Furniture,673.344,3,0.3,-76.9536
9494,CA-2016-105207,01-03-2016,01-08-2016,Standard Class,Corporate,United States,Broken Arrow,Oklahoma,74012,Central,Furniture,1592.85,7,0,350.427
9501,CA-2016-149237,5/26/2016,5/30/2016,Standard Class,Consumer,United States,Milwaukee,Wisconsin,53209,Central,Furniture,26.94,3,0,11.3148
9502,US-2015-158589,11/20/2015,11/24/2015,Standard Class,Consumer,United States,San Francisco,California,94109,West,Furniture,32.04,3,0,8.01
9513,CA-2017-142461,5/30/2017,06-03-2017,Second Class,Consumer,United States,Dallas,Texas,75217,Central,Furniture,204.6664,1,0.32,-6.0196
9526,CA-2017-156958,12-05-2017,12-06-2017,First Class,Home Office,United States,Seattle,Washington,98115,West,Furniture,199.9,5,0,39.98
9533,CA-2016-116596,10/27/2016,10/31/2016,Standard Class,Consumer,United States,New York City,New York,10011,East,Furniture,427.644,14,0.1,80.7772
9537,CA-2017-124191,06-12-2017,6/14/2017,Second Class,Consumer,United States,Chicago,Illinois,60610,Central,Furniture,8.856,3,0.6,-6.8634
9538,CA-2016-148747,9/25/2016,9/27/2016,First Class,Corporate,United States,San Francisco,California,94110,West,Furniture,477.666,2,0.15,84.294
9541,CA-2015-135727,05-11-2015,5/16/2015,Second Class,Home Office,United States,Phoenix,Arizona,85023,West,Furniture,191.968,7,0.2,16.7972
9545,CA-2015-135251,08-06-2015,08-10-2015,Standard Class,Corporate,United States,Houston,Texas,77095,Central,Furniture,369.1992,3,0.32,-114.0174
9554,CA-2016-125724,9/22/2016,9/27/2016,Standard Class,Corporate,United States,Broomfield,Colorado,80020,West,Furniture,68.432,7,0.2,8.554
9555,CA-2015-111612,11/28/2015,12-02-2015,Standard Class,Consumer,United States,Columbus,Ohio,43229,East,Furniture,71.12,5,0.2,9.779
9558,CA-2014-103086,10/17/2014,10/19/2014,Second Class,Consumer,United States,Houston,Texas,77095,Central,Furniture,5.312,2,0.6,-1.5936
9561,CA-2016-129280,05-03-2016,05-05-2016,First Class,Consumer,United States,Newark,Ohio,43055,East,Furniture,51.968,2,0.2,10.3936
9566,CA-2014-130428,3/31/2014,3/31/2014,Same Day,Consumer,United States,Tampa,Florida,33614,South,Furniture,1125.488,7,0.2,98.4802
9575,CA-2015-148495,8/13/2015,8/13/2015,Same Day,Consumer,United States,Pomona,California,91767,West,Furniture,31.56,3,0,10.4148
9576,CA-2015-143147,5/26/2015,5/28/2015,Second Class,Consumer,United States,San Antonio,Texas,78207,Central,Furniture,105.686,1,0.3,-28.6862
9578,CA-2015-143147,5/26/2015,5/28/2015,Second Class,Consumer,United States,San Antonio,Texas,78207,Central,Furniture,104.93,5,0.3,-4.497
9582,CA-2017-152975,9/14/2017,9/16/2017,First Class,Home Office,United States,New York City,New York,10035,East,Furniture,589.41,5,0.1,-6.549
9584,CA-2017-116127,6/25/2017,6/27/2017,Second Class,Consumer,United States,New York City,New York,10024,East,Furniture,400.784,1,0.2,-5.0098
9592,US-2016-105452,7/28/2016,08-01-2016,Standard Class,Home Office,United States,Pasadena,Texas,77506,Central,Furniture,24.7,5,0.6,-9.88
9593,US-2016-105452,7/28/2016,08-01-2016,Standard Class,Home Office,United States,Pasadena,Texas,77506,Central,Furniture,302.72,5,0.6,-378.4
9599,CA-2015-149517,9/19/2015,9/23/2015,Standard Class,Home Office,United States,Sacramento,California,95823,West,Furniture,60.84,3,0,19.4688
9604,CA-2016-129861,6/17/2016,6/23/2016,Standard Class,Corporate,United States,Rochester,New York,14609,East,Furniture,376.866,3,0.4,-213.5574
9610,CA-2016-130638,5/16/2016,5/19/2016,Second Class,Consumer,United States,Los Angeles,California,90045,West,Furniture,282.84,4,0,19.7988
9625,CA-2017-137449,6/29/2017,6/30/2017,First Class,Consumer,United States,Dallas,Texas,75220,Central,Furniture,307.314,3,0.3,-39.5118
9626,CA-2017-137449,6/29/2017,6/30/2017,First Class,Consumer,United States,Dallas,Texas,75220,Central,Furniture,409.9992,3,0.32,-96.4704
9636,CA-2014-151330,10/14/2014,10/17/2014,First Class,Consumer,United States,Everett,Massachusetts,2149,East,Furniture,1628.82,9,0,260.6112
9637,CA-2014-124702,11/18/2014,11/25/2014,Standard Class,Corporate,United States,Seattle,Washington,98105,West,Furniture,137.54,2,0,55.016
9638,CA-2014-124702,11/18/2014,11/25/2014,Standard Class,Corporate,United States,Seattle,Washington,98105,West,Furniture,730.2,4,0,94.926
9640,CA-2015-116638,1/28/2015,1/31/2015,Second Class,Consumer,United States,Concord,North Carolina,28027,South,Furniture,4297.644,13,0.4,-1862.3124
9643,CA-2014-104563,03-07-2014,03-12-2014,Standard Class,Corporate,United States,Seattle,Washington,98103,West,Furniture,436.704,6,0.2,21.8352
9644,CA-2014-104563,03-07-2014,03-12-2014,Standard Class,Corporate,United States,Seattle,Washington,98103,West,Furniture,481.568,2,0.2,54.1764
9650,CA-2016-107104,11/26/2016,11/30/2016,Standard Class,Consumer,United States,Los Angeles,California,90045,West,Furniture,3406.664,8,0.15,160.3136
9653,CA-2016-107104,11/26/2016,11/30/2016,Standard Class,Consumer,United States,Los Angeles,California,90045,West,Furniture,595.38,6,0,297.69
9656,CA-2014-156160,9/22/2014,9/29/2014,Standard Class,Consumer,United States,New York City,New York,10035,East,Furniture,97.44,3,0,35.0784
9659,CA-2014-156160,9/22/2014,9/29/2014,Standard Class,Consumer,United States,New York City,New York,10035,East,Furniture,579.528,4,0.1,83.7096
9666,CA-2017-157448,11/16/2017,11/20/2017,Standard Class,Consumer,United States,Los Angeles,California,90049,West,Furniture,119.94,3,0,23.988
9667,CA-2017-157448,11/16/2017,11/20/2017,Standard Class,Consumer,United States,Los Angeles,California,90049,West,Furniture,12.42,3,0,4.4712
9676,CA-2016-137393,05-06-2016,05-10-2016,Standard Class,Consumer,United States,Bakersfield,California,93309,West,Furniture,41.6,4,0,14.144
9684,CA-2017-122770,12/13/2017,12/18/2017,Standard Class,Consumer,United States,San Francisco,California,94122,West,Furniture,201.04,8,0,54.2808
9692,CA-2015-130183,11/13/2015,11/17/2015,Standard Class,Consumer,United States,Houston,Texas,77041,Central,Furniture,613.9992,3,0.32,-18.0588
9698,CA-2016-122511,03-11-2016,03-11-2016,Same Day,Home Office,United States,Philadelphia,Pennsylvania,19140,East,Furniture,30.336,4,0.2,9.48
9707,CA-2016-161746,10/21/2016,10/27/2016,Standard Class,Consumer,United States,Los Angeles,California,90045,West,Furniture,242.136,3,0.2,12.1068
9709,CA-2016-161746,10/21/2016,10/27/2016,Standard Class,Consumer,United States,Los Angeles,California,90045,West,Furniture,19.96,2,0,5.5888
9711,CA-2014-114251,11-05-2014,11-10-2014,Standard Class,Consumer,United States,Philadelphia,Pennsylvania,19143,East,Furniture,273.568,2,0.2,-34.196
9721,CA-2016-119641,9/22/2016,9/26/2016,Standard Class,Corporate,United States,Green Bay,Wisconsin,54302,Central,Furniture,18.96,2,0,7.584
9722,CA-2016-105781,2/16/2016,2/20/2016,Standard Class,Consumer,United States,New York City,New York,10024,East,Furniture,326.646,3,0.1,39.9234
9733,CA-2014-114321,8/20/2014,8/25/2014,Standard Class,Corporate,United States,Hampton,Virginia,23666,South,Furniture,500.24,13,0,145.0696
9742,CA-2015-117086,11-08-2015,11-12-2015,Standard Class,Corporate,United States,Burlington,Vermont,5408,East,Furniture,4404.9,5,0,1013.127
9746,CA-2017-137505,11/24/2017,11/24/2017,Same Day,Consumer,United States,Los Angeles,California,90008,West,Furniture,364.08,2,0.2,9.102
9747,CA-2017-137505,11/24/2017,11/24/2017,Same Day,Consumer,United States,Los Angeles,California,90008,West,Furniture,71.088,2,0.2,-1.7772
9748,US-2014-140914,11-11-2014,11/15/2014,Standard Class,Consumer,United States,Chicago,Illinois,60653,Central,Furniture,10.984,2,0.6,-7.9634
9749,US-2014-140914,11-11-2014,11/15/2014,Standard Class,Consumer,United States,Chicago,Illinois,60653,Central,Furniture,797.944,4,0.3,-56.996
9757,CA-2017-113705,3/27/2017,3/29/2017,Second Class,Consumer,United States,Richmond,Virginia,23223,South,Furniture,292.1,2,0,58.42
9760,CA-2016-146913,10/31/2016,11-05-2016,Standard Class,Corporate,United States,San Francisco,California,94109,West,Furniture,1403.92,5,0.2,70.196
9770,CA-2016-123533,11/24/2016,11/30/2016,Standard Class,Home Office,United States,Hialeah,Florida,33012,South,Furniture,339.92,5,0.2,8.498
9776,CA-2014-169019,7/26/2014,7/30/2014,Standard Class,Consumer,United States,San Antonio,Texas,78207,Central,Furniture,17.496,3,0.6,-10.0602
9785,CA-2015-149748,5/31/2015,06-02-2015,Second Class,Corporate,United States,Paterson,New Jersey,7501,East,Furniture,8.28,2,0,2.9808
9787,US-2014-114377,11-05-2014,11-05-2014,Same Day,Consumer,United States,Hampton,Virginia,23666,South,Furniture,149.9,5,0,40.473
9788,CA-2017-144491,3/27/2017,04-01-2017,Standard Class,Consumer,United States,Houston,Texas,77070,Central,Furniture,1023.332,5,0.32,-30.098
9789,CA-2017-144491,3/27/2017,04-01-2017,Standard Class,Consumer,United States,Houston,Texas,77070,Central,Furniture,600.558,3,0.3,-8.5794
9791,CA-2017-144491,3/27/2017,04-01-2017,Standard Class,Consumer,United States,Houston,Texas,77070,Central,Furniture,211.246,2,0.3,-66.3916
9793,CA-2014-127166,5/21/2014,5/23/2014,Second Class,Consumer,United States,Houston,Texas,77070,Central,Furniture,107.772,2,0.3,-29.2524
9805,CA-2015-122973,7/18/2015,7/20/2015,Second Class,Consumer,United States,New York City,New York,10024,East,Furniture,7.38,1,0,2.1402
9806,CA-2016-136322,10/21/2016,10/26/2016,Standard Class,Home Office,United States,Fort Lauderdale,Florida,33311,South,Furniture,45.568,2,0.2,9.6832
9808,CA-2017-107209,7/27/2017,08-01-2017,Second Class,Consumer,United States,Raleigh,North Carolina,27604,South,Furniture,194.848,4,0.2,12.178
9818,CA-2015-162201,06-08-2015,06-12-2015,Standard Class,Corporate,United States,Saint Petersburg,Florida,33710,South,Furniture,173.208,7,0.2,45.4671
9827,US-2014-164406,8/15/2014,8/19/2014,Standard Class,Consumer,United States,San Francisco,California,94122,West,Furniture,195.136,4,0.2,-12.196
9830,US-2017-152842,7/16/2017,7/23/2017,Standard Class,Consumer,United States,Charlotte,North Carolina,28205,South,Furniture,242.352,3,0.2,15.147
9832,CA-2014-113257,12/16/2014,12/18/2014,Second Class,Consumer,United States,Beaumont,Texas,77705,Central,Furniture,8.624,7,0.6,-2.5872
9835,CA-2016-126627,10-10-2016,10-12-2016,First Class,Consumer,United States,La Porte,Texas,77571,Central,Furniture,14,4,0.6,-6.3
9843,US-2016-125402,9/25/2016,10-01-2016,Standard Class,Consumer,United States,Long Beach,California,90805,West,Furniture,483.136,4,0.2,60.392
9845,CA-2014-163867,06-03-2014,06-06-2014,First Class,Consumer,United States,Decatur,Illinois,62521,Central,Furniture,61.544,7,0.6,-40.0036
9848,CA-2017-169327,09-02-2017,09-04-2017,Second Class,Home Office,United States,Los Angeles,California,90008,West,Furniture,511.5,5,0,132.99
9851,CA-2016-158155,05-02-2016,05-06-2016,Standard Class,Corporate,United States,New York City,New York,10009,East,Furniture,12.56,2,0,4.0192
9854,CA-2016-158155,05-02-2016,05-06-2016,Standard Class,Corporate,United States,New York City,New York,10009,East,Furniture,214.7,5,0,83.733
9855,CA-2017-138870,6/19/2017,6/23/2017,Standard Class,Consumer,United States,San Francisco,California,94109,West,Furniture,50.32,4,0,21.1344
9858,CA-2015-164301,3/26/2015,3/30/2015,Standard Class,Corporate,United States,Seattle,Washington,98103,West,Furniture,3393.68,8,0,610.8624
9866,CA-2017-113278,1/14/2017,1/20/2017,Standard Class,Home Office,United States,Richmond,Indiana,47374,Central,Furniture,18.96,2,0,8.532
9869,CA-2014-114195,11-01-2014,11-03-2014,First Class,Corporate,United States,Mason,Ohio,45040,East,Furniture,68.704,2,0.2,16.3172
9880,CA-2016-122581,8/21/2016,8/25/2016,Standard Class,Consumer,United States,New York City,New York,10035,East,Furniture,573.174,7,0.1,63.686
9894,US-2016-115441,7/25/2016,7/28/2016,Second Class,Corporate,United States,Milwaukee,Wisconsin,53209,Central,Furniture,403.56,4,0,96.8544
9895,US-2016-115441,7/25/2016,7/28/2016,Second Class,Corporate,United States,Milwaukee,Wisconsin,53209,Central,Furniture,95.2,5,0,27.608
9898,CA-2016-112830,06-06-2016,06-10-2016,Standard Class,Consumer,United States,Fairfield,Ohio,45014,East,Furniture,466.32,3,0.2,34.974
9899,CA-2016-112830,06-06-2016,06-10-2016,Standard Class,Consumer,United States,Fairfield,Ohio,45014,East,Furniture,82.64,2,0.2,0
9900,US-2014-117380,3/28/2014,04-03-2014,Standard Class,Home Office,United States,Springfield,Ohio,45503,East,Furniture,330.588,1,0.4,-143.2548
9902,CA-2017-117646,8/21/2017,8/25/2017,Standard Class,Consumer,United States,Louisville,Colorado,80027,West,Furniture,22.752,3,0.2,7.11
9904,CA-2014-122609,11-12-2014,11/18/2014,Standard Class,Consumer,United States,Carrollton,Texas,75007,Central,Furniture,25.128,3,0.6,-6.9102
9906,US-2015-129007,9/13/2015,9/15/2015,First Class,Corporate,United States,Anaheim,California,92804,West,Furniture,131.88,7,0,55.3896
9908,US-2015-129007,9/13/2015,9/15/2015,First Class,Corporate,United States,Anaheim,California,92804,West,Furniture,717.72,3,0.2,71.772
9909,US-2015-129007,9/13/2015,9/15/2015,First Class,Corporate,United States,Anaheim,California,92804,West,Furniture,207.35,5,0,24.882
9910,US-2015-129007,9/13/2015,9/15/2015,First Class,Corporate,United States,Anaheim,California,92804,West,Furniture,44.67,3,0,12.0609
9913,CA-2015-132388,10-10-2015,10-12-2015,First Class,Corporate,United States,Santa Barbara,California,93101,West,Furniture,362.136,3,0.2,-54.3204
9918,CA-2017-160927,1/29/2017,1/31/2017,Second Class,Consumer,United States,Marion,Iowa,52302,Central,Furniture,14.91,3,0,4.6221
9920,CA-2016-149272,3/15/2016,3/19/2016,Standard Class,Corporate,United States,Bryan,Texas,77803,Central,Furniture,528.43,5,0.3,-143.431
9929,CA-2016-129630,09-04-2016,09-04-2016,Same Day,Consumer,United States,San Francisco,California,94122,West,Furniture,24.27,3,0,8.7372
9932,CA-2015-104948,11/13/2015,11/17/2015,Standard Class,Consumer,United States,San Bernardino,California,92404,West,Furniture,683.332,4,0.15,-40.196
9938,CA-2016-164889,06-03-2016,06-06-2016,Second Class,Corporate,United States,Los Angeles,California,90049,West,Furniture,71.088,2,0.2,-1.7772
9939,CA-2016-169824,12-12-2016,12/17/2016,Standard Class,Corporate,United States,New York City,New York,10009,East,Furniture,60.35,5,0,19.9155
9948,CA-2017-121559,06-01-2017,06-03-2017,Second Class,Corporate,United States,Indianapolis,Indiana,46203,Central,Furniture,1925.88,6,0,539.2464
9956,CA-2015-141593,12/14/2015,12/16/2015,Second Class,Corporate,United States,Los Angeles,California,90045,West,Furniture,273.568,2,0.2,10.2588
9963,CA-2015-168088,3/19/2015,3/22/2015,First Class,Home Office,United States,Houston,Texas,77041,Central,Furniture,383.4656,4,0.32,-67.6704
9965,CA-2016-146374,12-05-2016,12-10-2016,Second Class,Corporate,United States,Newark,Delaware,19711,East,Furniture,13.4,1,0,6.432
9981,US-2015-151435,09-06-2015,09-09-2015,Second Class,Consumer,United States,Lafayette,Louisiana,70506,South,Furniture,85.98,1,0,22.3548
9990,CA-2014-110422,1/21/2014,1/23/2014,Second Class,Consumer,United States,Miami,Florida,33180,South,Furniture,25.248,3,0.2,4.1028
9991,CA-2017-121258,2/26/2017,03-03-2017,Standard Class,Consumer,United States,Costa Mesa,California,92627,West,Furniture,91.96,2,0,15.6332
